2392 3952
330 241 482 293 BELLUM
501 237 700 292 CATILINAE
718 236 797 292 3-4j
926 249 929 253 '
1038 240 1058 306 3

76 434 284 516 scriptorem
307 443 338 496 et
380 429 525 496 aotorern
568 454 686 509 rerum,
728 426 838 495 tamen
878 433 912 494 in
929 426 1059 515 'primis

77 535 215 598 arduum
238 535 370 599 videtur
391 557 444 599 res
458 533 577 618 ‘gestas
604 535 764 599 seribere:
798 535 940 619 primum
970 533 1059 618 quod

78 639 166 703 faeta
190 638 286 703 dictis
309 639 530 728 exaequanda
553 649 643 720 sunt3
668 638 786 705 dehine
806 639 885 722 ¹quia
899 637 1057 722 plerique,
1090 632 1092 634 ’

78 763 162 825 quae
187 741 308 805 deliota
330 740 590 825 reprehenderis,
620 740 852 807 malevolentia
880 737 913 804 et
934 736 1060 803 invidia

77 844 167 908 diota
199 855 326 930 putant,
361 842 417 912 ubi
453 843 494 909 de
521 866 643 929 magna
670 848 789 909 virtute
824 854 922 929 atque
956 844 1060 928 gloria

75 947 238 1012 bonorum
269 969 441 1026 memores,
459 946 557 1033 quae
588 949 649 1013 sibi
674 951 811 1033 quisque
834 947 946 1012 facilia
969 947 1060 1011 faotu

76 1061 178 1136 putat,
216 1073 320 1136 aequo
351 1053 459 1117 animo
489 1053 618 1136 aooipit,
653 1073 753 1137 supra
787 1073 827 1115 ea
853 1051 955 1114 veluti
983 1051 1060 1114 fieta

77 1176 136 1238 pro
162 1153 253 1219 falsis
278 1155 376 1218 ducit.

182 1256 249 1321 Sed
274 1279 335 1340 ego
367 1255 634 1322 adulescentulus
660 1255 752 1321 initio
783 1258 892 1321 sicuti.
911 1256 1081 1340 pleriques
1187 1278 1191 1284 ’

78 1360 186 1424 studio
223 1360 265 1423 ad
299 1383 369 1424 rem
402 1359 569 1445 publicam
603 1361 688 1424 latus
723 1382 803 1438 sum,
838 1358 949 1444 ibique
969 1357 1060 1424 'mihi

78 1463 181 1529 multa
210 1464 351 1529 advorsa
386 1465 490 1530 fuere.
536 1487 614 1529 nam
641 1463 701 1549 pro
729 1462 867 1549 pudore,
897 1486 957 1549 pro
986 1463 1060 1528 abs·

79 1568 225 1645 tinentia,
256 1589 315 1651 pro
345 1569 466 1631 virtute
494 1566 636 1630 audacia
655 1565 785 1651 largitio
810 1561 949 1632 avaritia
969 1569 1061 1652 vigea

78 1669 169 1734 bant.
218 1692 301 1755 quae
324 1671 455 1734 tametsi
485 1671 612 1734 animus
647 1668 884 1755 aspernabatur
916 1671 1084 1748 insolenet

78 1771 238 1838 malarum
262 1774 389 1850 artium,
418 1781 529 1842 tamen
556 1773 641 1835 inter
670 1769 761 1836 tanta
789 1773 873 1840 vitia
897 1771 1062 1836 imbecilla

80 1884 170 1939 aetas
199 1874 376 1943 ambitione
409 1884 563 1958 corrupta
590 1873 778 1952 tenebatur3
815 1896 853 1942 ao
886 1895 950 1951 me,
987 1895 1083 1939 cums

79 1979 121 2044 ab
160 1979 359 2063 reliquorum
396 1977 491 2041 malis
529 1975 679 2041 moribus
710 1975 925 2054 dissentirem,
936 1997 944 2055 j
960 1975 1082 2056 nihilot

79 2085 186 2146 minus
223 2081 356 2144 honoris
396 2079 516 2163 cupido
555 2078 672 2144 eadem
710 2101 775 2163 qua
811 2078 945 2144 'eeteros
973 2079 1062 2144 fama

80 2195 179 2269 atque
202 2183 327 2248 invidia
348 2181 502 2246 vexabat.
535 2183 636 2268 igitur
657 2181 714 2246 ubi
737 2184 864 2251 animus
888 2181 1097 2250 exmultis4

79 2289 221 2352 miseriis
244 2297 342 2372 atque
360 2287 526 2372 perieulis
544 2289 705 2372 requievit
737 2286 874 2351 etmihi
887 2287 1062 2372 reliquam
1078 2316 1087 2322 0

80 2401 222 2457 aetatem
257 2413 276 2454 a
308 2413 345 2455 re
379 2390 514 2476 publiea
547 2391 663 2474 procul
696 2389 889 2469 habendam
907 2389 1061 2469 decreti,

81 2517 148 2560 non
178 2496 239 2558 fuit
270 2494 450 2560 eonsilium=
476 2494 628 2560 socordia
648 2492 913 2578 atquexdesidia
938 2492 1062 2560 bonum

82 2600 183 2662 otium
208 2607 388 2675 conterere,
423 2619 534 2681 neque
566 2619 645 2661 vero
662 2601 665 2625 ³
680 2597 810 2681 agrurn·
826 2596 972 2678 :oolundo
1008 2608 1086 2662 aut.

81 2699 248 2778 venando,
272 2700 445 2765 servilibus
463 2700 591 2778 officiis,
614 2699 780 2765 intentum
791 2709 932 2767 aetatem
943 2702 1062 2785 'agere3

82 2805 141 2870 sed
166 2829 183 2869 a
210 2827 274 2890 quo
298 2806 430 2888 ineepto
455 2804 633 2889 studioque?
651 2825 704 2869 me
728 2803 861 2869 ambitio
889 2803 978 2868 mala
993 2802 1084 2868 'de-'a

82 2912 234 2986 tinuerat,
272 2907 389 2972 eodem
406 2902 715 2992 regressusstatui
735 2929 797 2971 ¹res
820 2905 929 2991 gestas
951 2905 1064 2991 populi

82 3013 223 3076 Romani
249 3013 396 3095 carptim,
427 3022 464 3074 ut
485 3008 826 3096 ,quaequememoria
849 3009 1068 3096 digna'videt

82 3114 213 3193 bantur,
230 3113 447 3199 perscribere,
472 3114 642 3200 eo'magis,
653 3124 655 3132 '
667 3113 885 3199 quodmihi'a
901 3115 959 3200 spe
974 3121 1065 3176 metu

82 3216 230 3303 partibus
253 3219 300 3281 rei
323 3216 476 3301 publicae
499 3218 627 3282 animus
649 3216 735 3283 libor
755 3227 833 3282 erat.

185 3320 290 3406 Igitur
314 3319 370 3386 de.
385 3320 547 3389 Catilinae
576 3322 800 3388 coniuratione
830 3341 928 3404 quam
961 3319 1084 3383 veriat

82 3424 181 3491 sume.
197 3434 313 3510 potero
337 3426 452 3509 paucis
482 3422 668 3504 absolvam3
703 3446 779 3488 nam
801 3422 848 3486 id
870 3422 1003 3487 faoinus'
1029 3425 1085 3488 ini

52 3556 54 3560 ¹
80 3527 199 3614 primis
234 3549 296 3612 ego
335 3528 547 3594 memorabile
585 3529 746 3593 existumo
776 3524 919 3593 ¹sceleris
941 3591 944 3595 ⁴
964 3526 1066 3607 atoue

919 3624 958 3674 x*
