2392 3952
130 212 171 279 10
366 211 517 268 suasum
536 211 734 264 sarianum
753 215 863 263 14-15.

75 400 110 457 14
230 401 269 465 ln
292 410 384 465 tanta
406 411 539 485 tamque
563 410 716 484 corrupta
740 403 871 464 civitate
897 399 1055 481 Catilina,
1086 407 1122 471 id

129 503 218 588 quod
252 505 343 569 factu
377 503 579 568 facillumum
615 515 693 580 erat,
733 507 877 568 omnium
912 504 1121 590 flagitiorum

127 617 226 692 atque
260 609 443 672 facinorum
482 609 606 671 circum
644 630 678 671 se
714 617 881 692 tamquam
917 610 1120 693 stipatorum

106 721 278 774 acatervas
294 709 446 774 habebat.
460 733 536 774 nam
554 712 750 794 quicumque
763 710 850 775 bona
865 713 972 796 patria
984 712 1120 779 lacera·

129 824 221 878 verat
256 815 376 898 quique
400 813 543 877 alienum
567 836 623 877 aes
646 812 771 898 grande
797 814 1008 894 conflaverat,
1050 840 1119 902 quo

106 917 286 1001 aflagitium
321 927 377 980 aut
411 917 539 981 facinus
573 917 758 994 redimeret,
794 929 965 1002 praeterea
997 941 1120 986 omnes

128 1021 273 1105 undique
289 1019 473 1105 parricidae
493 1021 643 1106 sacrilegi
668 1024 810 1086 convicti
833 1022 960 1086 iudiciis
977 1034 1036 1088 aut
1053 1049 1119 1111 pro

128 1124 224 1187 factis
248 1124 404 1187 iudicium
427 1126 588 1202 timentes,
613 1124 655 1188 ad
678 1124 741 1188 hoc
765 1148 846 1209 quos
870 1148 985 1190 manus
1010 1138 1116 1214 atque

127 1227 240 1309 lingua
263 1228 405 1310 periurio
429 1236 486 1289 aut
509 1230 667 1310 sanguine
693 1228 779 1291 civili
799 1227 917 1306 alebat,
941 1241 1116 1313 postremo

129 1351 251 1408 omnes,
285 1351 366 1413 quos
388 1329 547 1414 flagitium
571 1342 699 1415 egestas
724 1335 875 1397 conscius
899 1335 1027 1397 animus
1054 1359 1115 1416 ex·

128 1432 284 1516 agitabat,
320 1436 350 1497 ei
374 1433 535 1498 Catilinae
559 1438 711 1518 proxumi
735 1436 978 1520 familiaresque
1004 1451 1114 1503 erant,

106 1535 218 1619 equod
253 1539 279 1600 si
314 1539 385 1622 quis
421 1540 518 1601 etiam
548 1561 567 1600 a
602 1538 698 1623 culpa
727 1563 850 1604 vacuus
874 1542 907 1602 in
931 1542 1115 1607 amicitiam

124 1634 197 1703 ¹eius
221 1640 391 1718 inciderat,
417 1640 581 1704 cotidiano
607 1665 667 1705 usu
690 1653 788 1726 atque
811 1641 986 1707 inlecebris
1010 1645 1117 1710 facile

38 1778 41 1787 ·
105 1766 188 1828 spar
226 1745 404 1828 similisque
443 1745 559 1811 ceteris
597 1745 812 1809 efficiebatur.
859 1745 915 1810 sed
954 1767 1117 1813 maxume

129 1847 388 1914 adulescentium
405 1848 642 1912 familiaritates
663 1849 853 1933 appetebat:
879 1872 990 1913 eorum
1007 1853 1114 1916 animi

128 1952 243 2016 molles
278 1955 375 2017 etiam
409 1962 440 2016 et
475 1953 555 2016 fluxi
580 1953 662 2018 dolis
685 1952 774 2016 haud
804 1952 976 2016 difficulter
1000 1956 1116 2037 capie-

106 2055 255 2120 sbantur,
276 2079 353 2119 nam
369 2066 404 2119 ut
423 2059 580 2142 cuiusque
597 2058 739 2122 studium
756 2081 798 2122 ex
814 2068 920 2123 aetate
936 2055 1115 2139 flagrabat,

128 2158 199 2222 aliis
223 2160 287 2223 alia
309 2158 469 2243 praebere
492 2182 599 2245 neque
624 2163 765 2244 sumptui
795 2182 903 2244 neque
926 2159 1116 2226 modestiae

129 2284 207 2326 suae
244 2284 391 2346 parcere,
431 2262 508 2327 dum
546 2263 618 2328 illos
658 2263 819 2328 obnoxios
857 2262 1007 2344 fidosque
1047 2263 1114 2328 sibi

75 2377 110 2431 15
129 2365 263 2430 faceret.
288 2368 352 2430 iam
376 2369 516 2451 primum
540 2368 735 2433 adulescens
760 2366 902 2432 Catilina
924 2365 1026 2428 multa
1049 2390 1112 2432 ne-

107 2467 232 2532 afanda
261 2468 387 2533 fecerat
417 2480 532 2535 contra
554 2473 604 2534 ius
628 2471 753 2555 fasque.
799 2480 964 2554 postremo
991 2482 1113 2552 eaptus

129 2593 239 2635 amore
273 2573 427 2637 Aureliae
458 2573 641 2653 Orestillae,
678 2575 768 2637 cuius
802 2584 933 2657 praeter
967 2573 1112 2638 formam

127 2673 208 2738 nihil
230 2699 384 2760 umquam
408 2676 515 2742 bonus
537 2678 694 2755 laudavit,
728 2676 815 2761 quod
839 2700 878 2740 ea
912 2674 1036 2739 nubere
1059 2676 1109 2740 illi

129 2777 300 2842 dubitabat
315 2781 432 2843 timens
448 2783 635 2866 privignum
659 2780 770 2845 adulta
794 2792 909 2858 aetate,
933 2803 992 2864 pro
1018 2793 1113 2846 certo

129 2882 273 2946 creditur
293 2894 411 2947 necato
429 2884 494 2947 lilio
512 2909 651 2949 vacuam
668 2885 801 2949 domum
818 2885 962 2948 scelestis
986 2887 1113 2967 nuptiis

106 2986 256 3051 sfecisse.
297 3009 380 3071 quae
417 2988 549 3071 quidem
582 3012 635 3054 res
669 2988 747 3052 mihi
781 2990 813 3050 in
843 2990 955 3072 primis
978 2986 1113 3052 videtur

105 3111 229 3155 acausa
262 3091 362 3155 fuisse
397 3090 526 3154 facinus
559 3092 754 3156 maturandi.
800 3114 942 3174 namque
981 3092 1111 3155 animus

127 3196 284 3279 impuruS,
320 3193 370 3258 dis
403 3193 655 3280 hominibusque
689 3197 827 3260 infestus
857 3217 964 3279 neque
987 3195 1110 3276 vigiliis

129 3320 236 3382 neque
275 3297 437 3383 quietibus
476 3298 583 3363 sedari
621 3312 768 3384 poterat:
815 3303 859 3364 ita
905 3299 1108 3362 conscientia

106 3411 273 3467 amentem
293 3404 435 3467 excitam
451 3401 611 3466 vastabat.
637 3405 735 3486 igitur
751 3402 841 3466 colos
865 3405 894 3465 ei
920 3402 1107 3482 exsanguis,

129 3503 220 3571 foedi
257 3506 353 3584 oculi,
394 3507 477 3570 citus
513 3506 622 3584 modo,
660 3505 759 3570 modo
797 3504 909 3567 tardus
943 3505 1107 3567 incessus:
