2392 3952
140 256 182 320 70
348 253 500 304 BELLUM
517 251 779 304 IUGURTHINUM
799 253 907 302 19-20.

80 462 115 518 19
133 454 267 528 gentem
294 463 481 526 nomenque
503 443 734 525 imperantium
758 463 961 506 concessere.
997 443 1120 506 Postea

135 546 320 611 Phoenices
350 545 404 608 alii
430 543 646 607 multitudinis
670 543 758 608 domi
780 543 979 608 minuendae
1003 547 1120 629 gratia,

132 673 210 735 pars
240 650 358 734 imperi
389 647 558 731 cupidine,
594 647 767 711 sollicitata
788 647 887 733 plebe
911 659 943 711 et
966 648 1038 712 aliis
1062 671 1120 711 no-

134 777 251 817 varum
268 774 377 816 rerum
394 749 508 829 avidis,
532 751 722 834 Hipponem
733 751 975 815 Hadrumetum
986 751 1120 836 Leptim

135 858 281 942 aliasque
311 856 402 920 urbis
424 857 459 918 in
483 877 540 918 ora
562 856 736 917 marituma
766 853 961 933 condidere,
995 877 1120 940 eaeque

135 960 229 1024 brevi
251 960 389 1023 multum
413 968 529 1022 auctae
552 980 629 1043 pars
653 958 832 1041 originibus
855 960 920 1021 suis
942 957 1119 1043 praesidio,

111 1064 220 1130 saliae
239 1063 350 1127 decori
375 1063 483 1126 fuere:
507 1084 584 1125 nam
604 1060 644 1124 de
662 1060 861 1146 Carthagine
885 1061 980 1125 silere
1004 1062 1121 1125 melius

135 1177 214 1252 puto
248 1189 344 1250 quam
373 1187 489 1250 parum
514 1164 638 1242 dicere,
675 1167 829 1248 quoniam
854 1165 916 1228 alio
940 1187 1120 1250 properare

134 1280 264 1353 tempus
287 1279 407 1332 monet.

110 1393 123 1432 a
236 1373 342 1455 Igitur
365 1370 407 1434 ad
432 1371 689 1450 Catabathmon,
727 1374 782 1457 qui
811 1372 904 1435 locus
926 1370 1119 1455 Aegyptum

135 1476 177 1539 ab
198 1475 315 1538 Africa
339 1474 470 1553 dividit,
500 1475 644 1538 secundo
668 1477 750 1538 mari
772 1477 879 1559 prima
903 1473 1034 1558 Cyrene
1061 1484 1119 1551 est,

137 1578 269 1642 colonia
284 1577 466 1651 Theraeon,
491 1599 530 1640 ac
550 1577 707 1662 deinceps
732 1576 816 1640 duae
833 1575 946 1661 Syrtes
968 1579 1120 1661 interque

135 1704 190 1745 eas
217 1682 347 1766 Leptis,
384 1680 504 1744 deinde
532 1681 715 1745 Philaenon
748 1704 840 1759 arae,
877 1703 975 1766 quem
1009 1681 1121 1744 locum

133 1784 324 1870 Aegyptum
355 1807 471 1848 vorsus
501 1785 601 1849 finem
631 1787 748 1869 imperi
777 1784 922 1848 habuere
948 1783 1121 1868 Carthagi-

110 1891 276 1968 4nienses,
299 1897 375 1974 post
391 1888 474 1951 aliae
490 1889 636 1952 Punicae
660 1886 767 1951 urbes.
794 1898 904 1951 cetera
918 1887 993 1950 loca
1016 1908 1122 1970 usque

135 1992 178 2054 ad
200 1993 441 2056 Mauretaniam
464 1991 628 2055 Numidae
659 2001 787 2070 tenent3
822 1992 976 2075 proxumi
998 1990 1122 2074 Hispa-

111 2097 223 2158 oniam
241 2096 348 2158 Mauri
372 2106 455 2158 sunt.
481 2118 578 2180 super
600 2095 789 2159 Numidiam
807 2094 965 2159 Gaetulos
989 2096 1122 2179 accepi-

134 2221 206 2261 mus
222 2199 344 2282 partim
360 2200 393 2261 in
409 2200 555 2281 tuguriis,
580 2198 661 2261 alios
682 2198 835 2261 incultius
857 2219 961 2282 vagos
984 2199 1122 2281 agitare,

113 2311 210 2384 apost
239 2324 296 2365 eos
318 2300 500 2386 Aethiopas
530 2324 616 2380 6666,
654 2301 772 2365 dehinc
800 2302 875 2365 loca
905 2311 1021 2364 exusta
1045 2301 1124 2365 solis

112 2424 124 2463 1
137 2403 320 2468 ardoribus.
344 2407 444 2489 igitur
455 2404 542 2468 bello
555 2403 747 2488 Iugurthino
760 2405 919 2490 pleraque
932 2427 975 2469 ex
986 2406 1123 2469 Punicis

138 2507 261 2592 oppida
292 2519 324 2571 61
354 2509 429 2571 finis
453 2506 787 2592 Carthaginiensium,
824 2531 905 2592 quos
933 2509 1123 2572 novissume

135 2608 336 2688 habuerant,
371 2609 512 2694 populus
536 2610 703 2673 Romanus
732 2633 793 2694 per
822 2613 1032 2695 magistratus
1064 2610 1123 2675 ad-

138 2712 359 2792 ministrabam
396 2712 612 2776 Gaetulorum
642 2735 763 2796 magna
792 2736 868 2798 pars
901 2723 933 2776 et
956 2714 1123 2778 Numidae

135 2839 238 2900 usque
271 2815 313 2878 ad
345 2815 470 2878 flumen
492 2816 703 2880 Muluccham
737 2818 796 2881 sub
820 2816 979 2901 Iugurtha
1013 2829 1122 2897 erant3

134 2919 257 2983 Mauris
292 2918 442 2983 omnibus
471 2942 532 2983 rex
554 2920 707 2984 Bocchus
733 2920 957 3005 imperitabat,
991 2932 1125 3005 praeter

135 3046 256 3088 nomen
281 3034 393 3088 cetera
416 3025 551 3107 ignarus
575 3025 688 3109 populi
704 3025 844 3088 Romani
867 3026 1010 3109 itemque
1027 3023 1125 3088 nobis

111 3144 244 3212 cneque
267 3126 356 3191 bello
381 3150 488 3210 neque
512 3151 595 3212 pace
620 3138 717 3191 antea
742 3130 902 3212 cognitus.
942 3127 983 3191 de
1005 3126 1125 3191 Africa

133 3241 165 3294 et
189 3233 257 3294 eius
286 3231 408 3295 incolis
437 3229 480 3292 ad
509 3230 786 3294 necessitudinem
816 3233 862 3294 161
887 3230 1122 3295 satis'dictum.

80 3366 116 3422 2⁰
243 3335 422 3419 Postquam
445 3333 549 3397 ditiso
573 3356 676 3417 regno
700 3334 799 3418 legati
816 3334 932 3397 Africa
949 3333 1123 3398 decessere

139 3447 171 3501 et
182 3438 342 3522 Iugurtha
367 3449 481 3502 contra
509 3440 661 3501 timorem
684 3440 781 3501 animi
811 3440 958 3523 praemia
988 3437 1124 3502 sceleris

136 3541 296 3626 adeptum
327 3565 397 3606 6666
427 3542 531 3620 ridet,
568 3552 692 3605 certum
722 3564 793 3605 esse
823 3551 926 3618 1111116,
963 3540 1053 3626 quod
1081 3565 1125 3606 ex
