2392 3952
158 198 200 262 34
396 193 547 247 BELLUM
565 194 763 245 CATILINAE
782 194 893 245 49-50.

159 384 268 466 gravis
312 383 499 446 inimicitias
529 381 720 446 exercebat:
759 383 835 445 Piso
867 395 1092 466 oppugnatus
1120 386 1155 451 in

158 485 280 550 iudicio
298 489 513 570 pecuniarum
529 484 785 570 repetundarum
808 497 944 570 propter
970 489 1153 553 cuiusdam

160 588 391 673 Transpadani
416 588 612 672 supplicium
634 590 799 666 iniustum,
832 588 968 653 Catulus
994 612 1042 654 ex
1067 594 1153 676 peti·

159 694 248 756 tione
290 692 501 776 pontificatus
539 690 614 755 odio
654 693 817 770 incensus,
865 692 953 776 quod
993 704 1154 759 extrema

160 806 276 873 aetate,
311 796 474 858 maxumis
496 793 675 858 honoribus
699 817 785 871 usus,
822 794 863 858 ab
888 794 1150 862 adulescentulo

136 899 308 963 sCaesare
337 900 443 962 victus
478 898 683 962 discesserat.
728 920 780 962 res
809 908 918 963 autem
952 912 1152 984 opportuna

159 1002 343 1080 uidebatur,
387 1002 475 1086 quod
512 1004 540 1064 is
573 1004 726 1086 privatim
762 1004 895 1086 egregia
932 1001 1150 1084 liberalitate,

159 1105 291 1190 publice
315 1108 477 1169 maxumis
500 1104 690 1169 muneribus
714 1104 873 1189 grandem
889 1109 1073 1190 pecuniam
1092 1111 1150 1175 de-

136 1207 267 1272 tbebat.
289 1209 348 1272 sed
364 1209 420 1273 ubi
438 1208 606 1273 consulem
623 1207 665 1272 ad
682 1218 808 1271 tantum
825 1209 953 1272 facinus
969 1196 1150 1295 impellere

158 1320 335 1395 nequeunt,
358 1313 421 1396 ipsi
443 1311 631 1395 singillatim
648 1310 881 1375 circumeundo
906 1320 1005 1396 atque
1029 1337 1149 1381 emen-

158 1414 283 1492 tiundo,
323 1437 407 1500 quae
445 1437 480 1478 se
518 1437 560 1478 ex
598 1414 767 1478 Volturcio
808 1425 864 1478 aut
900 1414 1148 1503 Allobrogibus

159 1517 291 1583 audisse
317 1519 473 1596 dicerent,
497 1542 651 1603 maguam
667 1519 713 1582 illi
731 1518 889 1582 invidiam
914 1519 1149 1589 conflaverant

160 1644 263 1706 usque
288 1645 336 1701 co,
361 1631 396 1686 ut
418 1623 566 1686 nonnulli
591 1626 716 1707 equites
741 1625 890 1701 Romani,
915 1626 970 1708 qui
993 1629 1149 1708 praesidi

159 1746 258 1788 causa
293 1747 367 1788 cunr
390 1725 463 1789 telis
492 1736 585 1789 erant
609 1729 732 1790 circum
767 1726 883 1791 aedem
919 1727 1146 1811 Concordiae,

158 1851 215 1891 seu
237 1829 374 1912 periculi
399 1828 624 1913 magnitudine
649 1852 708 1893 seu
741 1832 841 1893 animi
874 1829 1057 1896 mobilitate
1084 1837 1146 1900 im-

157 1930 252 2016 pulsi,
291 1954 354 2015 quo
380 1932 522 1995 studium
551 1955 644 1996 suum
674 1935 708 1996 in
730 1955 800 1996 rem
822 1932 989 2017 publicam
1019 1934 1146 2003 clarius

158 2045 252 2112 essct,
290 2036 471 2119 egredienti
506 2060 548 2100 cx
582 2048 698 2100 senatu
733 2036 867 2100 Caesari
901 2036 1011 2121 gladio
1044 2043 1147 2106 mini·

158 2148 314 2205 tarentur.

104 2252 139 2306 50
261 2242 350 2305 Dum
377 2241 460 2306 haec
488 2245 522 2305 in
552 2254 667 2306 senatu
696 2254 837 2327 aguntur
865 2256 897 2308 et
921 2244 997 2308 dum
1021 2245 1146 2330 legatis

158 2344 375 2429 Allobrogum
400 2356 431 2409 et
455 2347 491 2408 T.
506 2346 686 2423 Volturcio,
713 2334 926 2431 comprobato
952 2370 1066 2412 eorum
1091 2354 1145 2416 in·

157 2447 254 2525 dioi0,
293 2451 440 2533 praemia
475 2448 704 2527 decernuntur,
744 2450 851 2515 liberti
890 2460 922 2515 et
958 2454 1057 2536 pauci
1099 2477 1146 2519 ex

156 2551 330 2615 clientibus
354 2552 485 2616 Lentuli
516 2553 655 2616 divorsis
681 2553 850 2618 itineribus
880 2555 1015 2640 opifices
1040 2567 1145 2642 atque

155 2659 288 2719 servitia
322 2659 355 2720 in
379 2658 460 2719 vicis
496 2655 538 2719 ad
567 2679 641 2720 eum
676 2657 883 2741 eripiundum
907 2657 1142 2741 sollicitabant,

157 2763 275 2846 partim
300 2761 520 2845 exquirebant
544 2760 645 2824 duces
668 2761 920 2840 rrrultitudinuru,
953 2764 1008 2847 qui
1031 2767 1143 2846 pretio

134 2885 227 2929 arem
250 2863 416 2948 publicam
440 2887 563 2928 vexare
587 2865 671 2928 soliti
696 2875 797 2928 erant.
838 2864 1004 2949 Cethegus
1027 2877 1143 2934 autem

156 2991 217 3053 per
239 2970 370 3031 nuntios
394 2967 552 3031 familiam
576 2979 673 3053 atque
697 2968 831 3032 libertos
855 2991 940 3047 suos,
978 2969 1084 3034 lectos
1108 2983 1144 3037 et

159 3074 365 3147 exercitatos,
391 3069 514 3148 orabat,
539 3082 573 3134 ut
589 3094 689 3155 grege
707 3072 795 3135 facto
820 3095 894 3135 curu
917 3072 989 3136 telis
1006 3072 1049 3136 ad
1066 3097 1143 3141 sese

157 3177 392 3259 inrumperent.
1130 3196 1133 3201 '

136 3300 148 3338 s
263 3278 396 3356 Consul,
441 3279 496 3342 ubi
536 3303 574 3344 ea
617 3282 726 3364 parari
766 3283 930 3363 coguovit,
971 3280 1143 3365 dispositis

157 3381 339 3466 praesidiis,
364 3394 473 3446 utres
497 3392 595 3468 atque
618 3396 747 3468 ternpus
764 3384 927 3462 monebat,
954 3396 1141 3451 convocato

66 3505 88 3546 11.
98 3504 147 3547 nec.
160 3496 274 3550 senatu
297 3488 407 3566 refert,
444 3487 521 3572 quid
546 3488 586 3551 de
612 3491 657 3551 eis
680 3490 750 3553 fieri
773 3489 912 3571 placeat,
945 3489 1056 3572 quiin
1082 3512 1143 3554 cu-
