2392 3952
127 200 168 264 26
366 197 517 249 BELLUM
535 197 732 248 CATILINAE
752 198 862 248 37-39.

127 386 270 451 tionibus
290 388 399 450 excita
421 384 583 449 urbanum
607 386 707 448 otium
730 386 858 468 ingrato
883 383 994 448 labori
1022 411 1122 472 prae-

104 489 254 556 stulerat.
279 512 335 554 eos
352 499 449 573 atque
473 488 554 552 alios
579 489 683 551 omnis
706 487 828 551 malum
851 486 1030 572 publicum
1054 493 1120 557 ale·

126 593 197 658 bat:
223 615 286 678 quo
302 594 410 655 minus
425 590 610 655 mirandum
627 601 676 655 est
690 589 839 655 homines
856 594 994 675 egentis,
1020 597 1121 660 malis

126 697 280 775 moribus,
315 718 471 759 maxuma
501 717 559 779 spe
589 696 636 758 rei
669 693 823 778 publicae
857 696 951 760 iuxta
980 719 1025 762 ac
1056 699 1118 764 sibi

104 801 338 866 sconsuluisse.
351 808 524 882 praeterea
534 821 671 884 quorum
681 800 819 862 victoria
828 797 938 862 Sullae
951 813 1118 884 parentes

126 905 316 988 proscripti,
351 902 441 968 bona
471 913 600 988 erepta,
636 905 685 965 ius
708 900 867 965 libertatis
898 904 1113 970 imminutum

128 1017 206 1084 erat,
230 1006 317 1071 haud
335 1029 413 1071 sane
436 1007 498 1070 alio
523 1009 631 1070 animo
655 1005 732 1069 belli
757 1016 910 1069 eventum
935 1019 1117 1091 exspecta·

94 1110 216 1175 rebant.
256 1110 298 1174 ad
325 1111 403 1189 hoc,
440 1113 636 1195 quicumque
672 1109 807 1172 aliarum
843 1120 940 1194 atque
977 1123 1118 1176 senatus

127 1215 269 1297 partium
286 1224 387 1290 erant,
414 1213 601 1277 conturbari
618 1235 686 1275 rem
703 1211 870 1296 publicam
888 1234 986 1296 quam
1002 1216 1118 1279 minus

94 1344 117 1380 11
127 1316 238 1379 valere
267 1317 328 1401 ipsi
356 1314 532 1378 malebant.
571 1315 605 1377 id
629 1315 712 1378 adeo
741 1317 863 1378 malum
892 1315 1012 1379 multos
1039 1333 1118 1402 post

75 1428 110 1484 38
128 1442 232 1483 annos
254 1421 289 1483 in
313 1421 479 1482 civitatem
508 1428 700 1482 reverterat.
739 1441 816 1481 nam
844 1428 1023 1503 postquam
1052 1421 1114 1485 On.

128 1523 286 1607 Pompeio
304 1533 336 1587 et
351 1523 395 1587 M.
414 1522 532 1587 Crasso
559 1522 746 1586 consulibus
769 1521 944 1586 tribunicia
961 1533 1117 1606 potestas

128 1628 275 1691 restituta
303 1638 366 1706 est,
402 1625 550 1690 homines
578 1626 806 1691 adulescentes
834 1648 994 1689 summam
1017 1641 1116 1711 pote·

129 1739 244 1794 statem
275 1733 378 1809 nacti,
416 1731 531 1815 quibus
560 1739 650 1794 aetas
679 1731 872 1815 animusque
902 1730 999 1792 ferox
1030 1744 1115 1810 erat,

130 1855 269 1918 coepere
293 1844 442 1898 senatum
460 1832 662 1897 criminando
679 1832 811 1916 plebem
829 1834 1007 1916 exagitare,
1034 1834 1116 1899 dein

128 1936 301 2020 largiundo
333 1946 431 2022 atque
458 1936 673 2021 pollicitando
704 1938 807 2020 magis
835 1934 1029 2000 incendere:
1069 1941 1115 2003 ita

107 2042 190 2124 aipsi
219 2040 298 2103 clari
325 2051 542 2125 potentesque
565 2040 645 2103 fieri.
679 2050 792 2103 contra
816 2062 872 2103 eos
896 2061 1023 2102 summa
1048 2064 1116 2126 ope

129 2142 294 2206 nitebatur
319 2142 477 2226 pleraque
500 2142 653 2205 nobilitas
678 2153 808 2205 senatus
833 2143 942 2225 specie
965 2164 1026 2225 pro
1053 2167 1115 2207 sua

129 2246 364 2330 magnitudine.
403 2269 545 2331 namque
574 2247 621 2308 uti
647 2247 762 2329 paucis
790 2267 904 2308 verum
928 2243 1114 2323 absolvam,

107 2359 204 2435 apost
237 2350 293 2413 illa
326 2360 476 2434 tempora
510 2351 705 2434 quicumque
740 2371 808 2413 rem
842 2347 1009 2433 publicam
1042 2354 1116 2435 agi-

130 2462 242 2517 tavere
276 2453 420 2516 honestis
450 2452 651 2531 nominibus,
688 2453 742 2515 alii
772 2454 866 2515 sicuti
895 2452 1009 2536 populi
1040 2455 1114 2519 iura

132 2556 364 2634 defenderent,
399 2579 476 2640 pars
501 2578 563 2640 quo
595 2565 726 2619 senatus
755 2557 931 2618 auctoritas
955 2578 1117 2622 maxuma

132 2660 231 2739 foret,
255 2659 378 2723 bonum
401 2659 569 2744 publicum
594 2661 782 2723 simulantes
805 2682 865 2744 pro
890 2682 948 2722 sua
973 2661 1116 2745 quisque

108 2766 278 2849 apotentia
295 2764 473 2827 certabant.
491 2785 598 2848 neque
615 2763 676 2826 illis
693 2762 854 2827 modestia
870 2785 976 2846 neque
992 2764 1116 2829 modus

132 2868 349 2930 contentionis
367 2876 450 2929 erat:
476 2868 603 2950 utrique
626 2867 798 2929 victoriam
823 2864 998 2928 crudeliter
1015 2888 1115 2931 exer-

77 2984 112 3040 39
132 2971 259 3035 cebant.
304 2968 361 3032 sed
399 2980 573 3053 postquam
609 2969 668 3033 Cn.
700 2969 877 3052 Pompeius
912 2967 954 3032 ad
987 2968 1115 3036 bellum

130 3076 337 3138 maritumum
366 3083 463 3156 atque
487 3072 743 3136 lllithridaticum
766 3075 882 3135 missus
906 3082 968 3149 est,
1003 3072 1116 3158 plebis

109 3201 211 3262 nopes
227 3179 426 3255 imminutae,
450 3199 630 3261 paucorum
653 3178 800 3260 potentia
825 3179 935 3240 crevit.
962 3177 989 3239 ei
1006 3180 1113 3262 magi-

132 3292 250 3343 stratus
272 3281 460 3364 provineias
477 3280 605 3364 aliaque
627 3281 735 3342 omnia
751 3290 877 3359 tenere;
901 3281 964 3362 ipsi
984 3281 1115 3345 innoxii

131 3383 285 3447 florentes
320 3386 389 3447 sine
422 3394 510 3447 metu
539 3395 680 3446 aetatem
711 3405 809 3466 agere
846 3394 1038 3467 ceterosque
1063 3386 1114 3448 iu-

133 3485 225 3549 diciis
255 3497 390 3566 terrere,
427 3510 490 3571 quo
520 3487 649 3571 plebem
674 3490 706 3550 in
730 3488 922 3569 magistratu
949 3487 1115 3569 placidius
