2392 3952
171 234 213 300 80
414 232 564 284 BELLUM
581 231 846 284 IUGURTHINUM
864 235 907 284 31.

172 423 324 507 expilari,
359 445 454 506 reges
480 433 512 487 et
534 423 674 506 populos
703 422 825 486 liberos
847 423 962 506 paucis
985 420 1151 485 nobilibus

170 526 314 609 vectigal
347 525 508 609 pendere,
543 547 646 609 penes
681 523 814 588 eosdem
838 533 870 587 et
894 545 1053 587 summam
1081 524 1151 608 glo-

170 631 252 692 riam
276 637 308 692 et
329 650 501 691 maxumas
536 626 666 691 divitias
701 649 782 692 esse.
822 636 932 691 tamen
961 625 1044 690 haec
1073 627 1152 691 talia

170 732 320 795 facinora
341 732 475 815 impune
499 733 684 816 suscepisse
707 753 823 815 parum
845 728 1007 808 habuere,
1039 732 1151 814 ita-que

168 846 333 920 postremo
368 835 459 919 leges
493 837 646 899 maiestas
677 845 790 899 vostra
817 833 929 898 divina
952 842 985 897 et
1007 831 1152 896 humana

133 955 159 996 ιο
170 940 278 1002 omnia
310 937 458 1002 hostibus
491 938 612 1002 tradita
645 948 729 1001 sunt.
767 960 875 1022 neque
911 959 982 1014 eos,
1019 939 1075 1020 qui
1112 959 1151 1000 ea

169 1042 295 1120 fecere,
330 1041 434 1126 pudet
461 1052 518 1106 aut
545 1044 707 1127 paenitet,
743 1041 802 1106 sed
828 1041 988 1105 incedunt
1009 1062 1070 1126 per
1094 1063 1151 1104 ora

167 1155 279 1208 vostra
316 1146 499 1230 magnifici,
539 1145 725 1210 sacerdotia
763 1155 796 1209 et
830 1144 1034 1222 consulatus,
1072 1166 1151 1228 pars

167 1247 348 1331 triumphos
378 1271 454 1311 suos
484 1257 701 1326 ostentantes,
737 1246 877 1333 proinde
908 1248 1001 1331 quasi
1029 1268 1069 1310 ea
1092 1247 1150 1310 ho-

133 1369 156 1409 11
167 1352 255 1428 nori,
290 1373 357 1414 non
385 1351 530 1436 praedae
552 1350 706 1415 habeant.
747 1352 833 1415 servi
861 1373 937 1414 aere
959 1351 1066 1435 parati
1101 1353 1150 1413 in-

167 1455 253 1516 iusta
276 1455 413 1538 imperia
442 1453 648 1517 dominorum
672 1476 739 1518 non
768 1453 954 1539 perferunt:
974 1475 1044 1530 vos,
1070 1452 1150 1533 Qui·

166 1558 259 1635 rites,
297 1559 332 1620 in
368 1559 505 1642 imperio
544 1559 627 1636 nati,
666 1579 772 1641 aequo
811 1558 919 1620 animo
960 1558 1150 1622 servitutem

131 1686 156 1726 12
166 1659 335 1724 toleratis?
370 1663 482 1745 atqui
506 1662 648 1739 suntsi,
685 1662 740 1745 qui
763 1682 832 1724 rem
854 1659 1024 1745 publicam
1049 1682 1147 1724 occu-

166 1762 311 1848 pavere?
344 1762 494 1827 homines
518 1763 786 1840 sceleratissumi,
817 1765 960 1827 cruentis
982 1761 1145 1840 manibus,

165 1867 301 1931 immani
324 1868 472 1945 avaritia,
496 1867 732 1931 nocentissumi
749 1875 781 1930 et
795 1865 884 1930 idem
902 1865 1146 1952 superbissumi,

166 1970 284 2055 quibus
310 1969 393 2034 fides
418 1969 520 2034 decus
542 1972 663 2056 pictae,
695 1979 861 2054 postremo
885 1968 1024 2033 honesta
1048 1979 1147 2054 atque

46 2147 47 2150 Ἴ
131 2100 156 2139 ra
165 2073 338 2138 inhonesta
362 2076 471 2138 omnia
488 2075 636 2158 quaestui
653 2083 737 2137 sunt.
761 2095 837 2159 pars
854 2095 967 2137 eorum
984 2072 1146 2138 occidisse

165 2176 315 2241 tribunos
343 2175 464 2262 plebis,
500 2176 554 2240 alii
579 2178 789 2260 quaestiones
811 2178 963 2255 iniustas,
997 2176 1147 2262 plerique

131 2279 305 2345 acaedam
327 2282 361 2344 in
384 2302 445 2343 vos
475 2279 594 2342 fecisse
622 2302 682 2364 pro
706 2281 907 2345 munimento
930 2278 1062 2345 habent.
1102 2283 1149 2345 ita

166 2406 265 2468 quam
300 2384 437 2468 quisque
467 2404 619 2466 pessume
648 2382 744 2461 fecit,
779 2392 846 2446 tam
874 2405 1029 2448 maxume
1058 2393 1147 2448 tutus

166 2495 230 2550 est:
266 2495 389 2550 metum
420 2483 461 2548 ab
491 2484 615 2549 scelere
647 2507 704 2549 suo
734 2485 777 2549 ad
799 2487 966 2570 ignaviam
1000 2496 1146 2552 vostram

165 2589 376 2668 transtulere,
424 2611 505 2673 quos
544 2590 649 2653 omnis
687 2588 803 2654 eadem
846 2612 981 2675 cupere,
1028 2590 1146 2657 eadem

130 2691 292 2770 nouisse,
327 2691 443 2757 eadem
472 2701 618 2757 metuere
640 2694 674 2757 in
696 2715 798 2757 unum
825 2695 942 2778 coegit.
981 2693 1040 2758 sed
1062 2693 1146 2759 haec

129 2821 156 2862 ιο
164 2797 251 2861 inter
278 2795 384 2860 bonos
407 2797 565 2874 amicitia,
599 2797 685 2860 inter
706 2796 811 2861 malos
834 2796 934 2861 factio
959 2807 1017 2861 est.
1055 2798 1147 2883 quod

170 2901 198 2963 si
232 2910 300 2964 tam
328 2921 388 2964 vos
416 2899 576 2964 libertatis
611 2922 724 2964 curam
756 2900 936 2979 haberetis,
973 2923 1071 2984 quam
1098 2901 1146 2966 illi

166 3001 210 3066 ad
233 3001 490 3068 dominationem
513 3005 647 3068 accensi
669 3014 759 3083 sunt,
786 3005 936 3089 profecto
961 3027 1069 3089 neque
1091 3029 1145 3070 res

164 3105 315 3192 publica,
340 3109 434 3170 sicuti
457 3129 560 3185 nunc,
587 3116 772 3172 vastaretur
794 3117 827 3171 et
848 3107 1011 3172 beneficia
1033 3119 1146 3175 vostra

129 3231 268 3296 upenes
293 3219 459 3295 optumos,
487 3232 554 3274 non
578 3208 824 3275 audacissumos
847 3211 965 3274 forent.
1002 3213 1145 3276 maiores

162 3315 266 3377 vostri
310 3313 451 3398 parandi
485 3314 563 3376 iuris
602 3323 634 3377 et
669 3316 848 3378 maiestatis
894 3315 1145 3381 constituendae

162 3418 269 3500 gratia
291 3416 342 3480 bis
364 3439 425 3502 per
448 3417 668 3481 secessionem
691 3419 807 3482 armati
818 3417 1021 3482 Aventinum
1044 3440 1144 3483 occu·

161 3541 298 3604 pavere:
327 3542 386 3583 vos
410 3543 470 3606 pro
494 3519 660 3601 libertate,
685 3543 783 3606 quam
806 3521 847 3587 ab
871 3522 935 3586 illis
957 3523 1143 3607 accepistis,
