2392 3952
169 171 212 235 30
407 168 561 220 annnuu
578 167 777 218 0111111111
795 169 905 219 14-40.

170 358 297 423 Statilio
325 360 404 422 item
428 358 542 423 Cassio
572 356 740 442 postulant
762 359 813 419 ius
834 356 1032 437 iurandum,
1072 361 1159 446 quod

170 463 334 546 signatum
358 460 401 524 ad
425 462 506 524 ciris
529 461 714 545 perferant:
743 459 838 524 aliter
857 459 947 523 haud
970 461 1080 528 facile
1106 487 1158 528 000

148 565 213 630 aad
229 576 356 629 tantum
372 567 541 647 negotium
564 563 688 648 impelli
704 585 811 648 posse.
834 565 934 628 ceteri
949 563 1036 637 nihil
1053 569 1158 653 suspi-

171 681 284 733 cantes
302 667 391 744 daut,
417 667 551 732 Cassius
567 677 672 731 semet
687 690 726 730 00
742 666 835 731 brevi
857 676 1038 733 venturum
1061 669 1157 754 polli-

171 784 325 837 ceturae
349 769 448 855 paulo
480 781 556 834 ante
586 770 713 854 legatos
742 793 785 834 ex
811 769 893 834 urbe
921 771 1156 854 proficiscitur.

148 873 331 940 ³Lentulus
366 895 440 936 cum
472 875 519 936 eis
542 874 580 937 Τ.
602 873 808 937 Volturcium
839 872 1006 957 quendam
1038 875 1156 941 Croto-

170 980 319 1042 niensem
349 979 460 1054 mittit,
493 990 528 1040 ut
550 976 764 1060 AllobrogeS,
798 978 989 1062 priusquam
1017 977 1156 1044 domum

170 1091 361 1166 pergerent,
399 1102 473 1144 cum
498 1079 640 1144 Catilina
671 1079 748 1143 data
781 1089 880 1164 atque
913 1089 1058 1164 accepta
1090 1082 1156 1146 fide

148 1187 361 1249 4socictate1n
392 1184 638 1247 confirmarent.
673 1185 744 1266 ipse
767 1183 936 1247 Volturcio
959 1182 1091 1250 litteras
1113 1187 1156 1252 ad

172 1286 346 1352 Catilinam
364 1284 429 1363 dat,
449 1308 586 1370 quarum
604 1286 792 1370 exemplum
807 1286 894 1350 infra
909 1288 1073 1371 scriptum
1090 1301 1155 1355 est:

149 1407 161 1445 s
268 1385 349 1470 ‘Qui
373 1390 443 1466 sim,
469 1412 582 1465 exeo,
608 1411 705 1473 quem
729 1389 772 1452 ad
794 1400 826 1454 te
849 1391 931 1467 misi,
957 1412 1155 1475 cognosces.

171 1492 225 1554 fac
250 1494 383 1575 cogites
414 1494 446 1555 in
471 1504 595 1576 quanta
619 1491 805 1556 calamitate
828 1494 881 1570 sis,
910 1502 942 1556 et
963 1496 1157 1560 memineris

171 1606 202 1658 te
218 1595 324 1656 virum
342 1616 428 1671 esse3
454 1595 656 1672 consideres,
672 1595 752 1679 quid
774 1607 850 1660 tuae
872 1597 1016 1661 rationes
1039 1610 1156 1682 postu-

171 1697 253 1776 10111;
278 1697 437 1762 auxilium
460 1709 554 1784 petas
577 1699 618 1762 ab
641 1699 801 1776 omnibus,
826 1701 924 1763 etiam
946 1698 988 1763 ab
1010 1701 1156 1767 infimis'.

150 1816 162 1855 ⁶
275 1800 330 1865 Ad
352 1801 415 1866 1100
438 1801 595 1866 mandata
623 1802 734 1866 verbis
764 1802 834 1866 dat:
871 1825 946 1866 cum
968 1801 1011 1866 ab
1036 1816 1158 1870 senatu

170 1904 272 1969 hostis
295 1904 458 1969 iudicatus
482 1906 536 1981 sit,
574 1928 637 1989 quo
663 1905 798 1969 consilio
822 1906 954 1970 servitia
976 1906 1157 1990 repudiet?

171 2011 205 2071 in
221 2009 302 2072 urbe
319 2019 434 2092 parata
452 2031 532 2084 esse,
559 2031 642 2091 quae
666 2010 811 2072 iusserit:
835 2031 876 2072 ne
893 2018 1067 2073 cunctetur
1083 2013 1157 2097 ipsc

170 2113 306 2194 propius
330 2109 499 2174 accedere.

119 2227 154 2281 45
275 2214 336 2276 His
359 2213 458 2276 rebus
481 2215 527 2276 ita
550 2215 632 2277 actis
656 2216 832 2278 constituta
855 2225 962 2293 nocte,
987 2237 1054 2298 qua
1076 2239 1158 2302 pro·

76 2318 411 2394 anecliciscerentur,
452 2317 568 2381 Cicero
603 2340 663 2401 per
696 2316 823 2401 legatos
862 2328 980 2383 cuncta
1013 2318 1158 2385 edoctus

170 2421 209 2483 L.
228 2419 361 2484 Valerio
385 2420 509 2484 Flacco
540 2430 572 2483 et
596 2421 633 2486 C.
658 2422 834 2505 Pomptino
863 2419 1071 2507 praetoribus
1093 2425 1158 2488 im-

170 2533 278 2606 perat,
306 2525 398 2586 utin
421 2534 522 2608 ponte
545 2523 670 2587 Mulvio
694 2546 755 2608 per
776 2525 912 2590 insidias
934 2523 1157 2610 Allobrogum

171 2627 344 2689 comitatus
369 2625 633 2711 deprehendant;
664 2649 733 2690 rem
758 2649 887 2692 omnem
911 2631 1030 2714 aperit,
1060 2632 1158 2696 cuius

170 2731 276 2813 gratia
303 2728 530 2808 mittebantur,
567 2740 686 2807 cetera,
721 2732 768 2793 uti
798 2731 885 2794 facto
911 2755 993 2817 opus
1017 2733 1073 2810 sit,
1108 2735 1159 2800 ita

150 2842 279 2916 regant,
304 2834 471 2916 permittit.
496 2831 553 2909 illi,
572 2832 720 2897 homines
737 2833 902 2912 militares,
928 2837 996 2899 sine
1012 2836 1158 2902 tumultu

170 2935 343 3020 praesidiis
368 2935 547 3013 0011000110,
573 2938 668 3000 sicuti
689 2950 902 3022 praeceptum
919 2950 997 3017 erat,
1023 2941 1157 3007 occulte

149 3050 305 3124 spontem
336 3039 504 3103 obsidunt.
539 3049 715 3124 postquam
739 3041 781 3104 ad
805 3041 839 3104 id
861 3041 926 3106 loci
953 3043 1053 3127 legati
1077 3065 1156 3109 cum

171 3142 341 3207 Volturcio
366 3151 528 3206 venerunt
551 3153 582 3205 et
603 3143 698 3206 simul
721 3146 884 3229 utrimque
908 3146 1032 3210 clamor
1055 3167 1156 3212 exor-

171 3254 222 3307 tus
246 3257 304 3322 est,
330 3245 417 3310 Galli
443 3246 506 3308 cito
532 3246 663 3327 cognito
689 3246 825 3310 consilio
850 3249 919 3312 siue
942 3271 1035 3313 mora
1055 3272 1155 3334 prae-

171 3347 296 3410 toribus
335 3371 369 3412 00
407 3347 555 3426 tradunt;
592 3347 781 3413 Volturcius
818 3353 923 3435 primo
964 3350 1155 3418 cohortatus

150 3458 299 3510 10010100
328 3449 438 3531 gladio
471 3471 505 3512 se
534 3471 554 3512 a
580 3449 787 3516 multitudine
819 3451 983 3532 defendit,
1020 3453 1154 3536 deinde,
