2384 3952
177 227 217 293 76
385 228 536 281 BELLUM
554 228 817 281 IUGURTHINUM
835 232 946 283 26-28.

152 426 299 479 ascatur:
324 415 365 479 de
382 417 498 480 ceteris
523 419 649 481 senatui
666 440 764 482 curae
781 419 862 482 fore.
887 418 1000 498 atille,
1025 424 1147 486 tametsi

176 521 285 582 omnia
307 521 436 604 potiora
457 519 523 585 fide
546 520 723 605 Iugurthae
745 521 894 601 rebatur,
922 533 1049 604 tamen,
1080 529 1148 612 quia

174 644 276 706 penes
310 621 459 701 cosdem,
495 625 521 687 si
552 623 796 704 advorsaretur,
833 627 978 711 cogundi
1008 638 1148 713 potestas

80 724 258 816 v.¹¹oi1.e1'al’
293 727 354 802 ita,
388 735 424 789 ut
455 738 651 791 censuerant
673 728 789 808 Italici,
826 729 1029 796 deditionem
1064 733 1148 797 facit.

147 830 328 915 sIugurtha
350 833 384 895 in
406 833 520 916 primis
542 830 767 896 Adherbalem
795 835 1021 899 excruciatum
1044 846 1148 914 necat,

170 933 291 999 deinde
302 937 406 998 omnis
418 933 559 1019 puberes
567 935 727 999 Numidas
737 946 835 1020 atque
844 939 1067 1021 negotiatores
1075 962 1148 1024 pro·

167 1040 301 1116 misene,
325 1040 371 1102 uti
388 1040 525 1123 quisque
541 1040 673 1102 armatis
698 1038 815 1103 obvius
838 1039 956 1119 fuerat,
981 1043 1146 1106 interficit.

112 1157 148 1212 27
271 1140 369 1222 Quod
399 1152 573 1226 postquam
596 1141 721 1206 Romae
756 1145 923 1228 cognitum
954 1154 1003 1208 est
1033 1156 1066 1208 et
1095 1169 1145 1209 res

166 1246 199 1307 in
224 1255 339 1308 senatu
373 1246 489 1328 agitari
524 1253 655 1328 coepta,
690 1244 777 1309 idem
811 1245 858 1309 illi
887 1248 1026 1311 ministri
1060 1252 1145 1333 regis

166 1347 405 1432 interpellando
430 1370 469 1411 ac
494 1370 591 1432 saepe
615 1350 729 1433 gratia,
756 1348 921 1414 interdum
944 1352 1058 1435 iurgiis
1082 1362 1146 1417 tra·

144 1449 276 1514 chundo
311 1462 440 1535 tempus
475 1454 679 1516 atrocitatem
713 1452 793 1516 facti
826 1452 1004 1518 leniebant.
1044 1478 1085 1519 ac
1113 1457 1146 1518 ni

166 1553 203 1618 O.
228 1555 401 1618 Memmius
435 1554 583 1619 tribunus
613 1555 719 1640 plebis
751 1556 954 1643 designatus,
989 1559 1041 1621 vir
1068 1581 1145 1622 acer

165 1667 197 1721 et
219 1657 357 1722 infestus
380 1661 546 1743 potentiae
569 1659 757 1739 nobilitatis,
781 1660 939 1745 populum
958 1661 1143 1726 Romanum

165 1761 350 1826 edocuisset
372 1760 407 1824 id
428 1764 490 1846 agi,
515 1774 550 1826 ut
565 1785 625 1847 per
647 1784 771 1846 paucos
794 1762 951 1827 factiosos
965 1763 1145 1848 Iugmthae

167 1867 273 1931 scelus
308 1864 565 1944 condonaretur,
601 1865 751 1950 profecto
784 1868 889 1931 omnis
918 1866 1044 1931 invidia
1069 1890 1145 1953 pro·

164 1969 306 2037 latandis
341 1970 635 2035 consultationibus
670 1970 797 2055 dilapsa
831 1971 932 2036 foret:
970 1981 1063 2036 tanta
1096 1974 1146 2036 vis

141 2077 288 2160 agratiae
317 2084 415 2158 atque
437 2077 599 2158 pecuniae
622 2076 709 2157 regis
733 2084 811 2137 erat.
848 2073 906 2138 sed
929 2072 985 2138 ubi
1009 2086 1145 2139 senatus

165 2178 275 2242 delicti
303 2178 505 2241 conscientia
527 2177 684 2262 populum
708 2179 814 2256 timet,
848 2177 923 2263 lege
947 2176 1143 2262 Sempronia

163 2282 353 2366 provinciae
383 2282 500 2344 futuris
531 2280 719 2344 consulibus
741 2279 897 2344 Nmnidia
925 2290 1022 2364 atque
1046 2279 1143 2344 Italia

62 2358 152 2454 2¹1¹le
164 2384 332 2464 decretae3
369 2384 519 2448 consules
549 2383 706 2448 declarati
729 2384 765 2448 P.
791 2382 901 2468 Scipio
925 2383 1062 2460 Nasica,
1101 2384 1141 2447 L.

140 2489 289 2551 *Bestia2
315 2487 493 2572 Calpurnio
517 2487 681 2565 Numidia,
706 2486 853 2571 Scipioni
875 2485 972 2550 Italia
995 2486 1140 2550 obvenit.

140 2591 283 2655 ⁵deinde
314 2594 492 2670 exercituo,
525 2593 636 2676 quiin
658 2590 808 2653 Africam
831 2598 1030 2673 portaretur,
1063 2591 1142 2654 scri-

161 2695 265 2773 bitur,
302 2695 499 2780 stipendium
523 2695 670 2779 aliaque,
707 2717 791 2779 quae
813 2693 901 2758 bello
924 2695 996 2757 usui
1021 2691 1142 2770 forent,

164 2798 393 2863 decernuntur.

109 2914 144 2971 28
264 2902 310 2965 At
320 2900 479 2985 Iugurtha
495 2911 609 2965 contra
622 2924 713 2986 spem
726 2903 839 2965 nuntio
854 2909 1001 2985 accepto,
1020 2902 1142 2985 quippe

163 3008 213 3068 cui
242 3006 366 3068 Romae
402 3007 511 3068 omnia
545 3028 665 3069 vonum
699 3006 747 3068 ire
775 3006 809 3068 in
838 3005 946 3067 animo
979 3002 1143 3081 haeserat,

161 3108 263 3171 tilium
280 3118 312 3171 et
329 3131 403 3172 cum
420 3130 458 3171 eo
476 3107 558 3172 duos
582 3108 751 3172 familiaris
775 3106 818 3171 ad
842 3117 991 3171 senatum
1014 3106 1143 3192 legatos

161 3213 257 3276 mittit
292 3213 403 3296 eisque
438 3214 484 3274 uti
518 3212 596 3290 illis,
632 3235 714 3296 quos
740 3210 933 3296 Hiempsale
967 3210 1144 3275 interfecto

160 3317 306 3394 miserat,
342 3317 517 3400 praecipit,
554 3317 658 3379 omnis
686 3315 833 3380 mortalis
860 3315 1002 3399 pecunia
1026 3336 1145 3398 aggre-

139 3417 301 3484 odiantur.
327 3423 381 3505 qui
397 3430 572 3505 postquam
589 3420 726 3483 Romam
749 3418 984 3496 adventabant,
1010 3427 1144 3481 senatus

161 3544 179 3584 a
198 3523 308 3586 llestia
332 3523 499 3587 consultus
523 3534 580 3601 est,
605 3523 795 3608 placeretne
817 3522 944 3605 legatos
961 3520 1145 3604 Iugurthae
