2392 3952
344 252 495 305 BELLUM
514 253 711 305 CATILINAE
730 254 771 303 51.
1005 255 1047 318 39

66 449 119 524 sit,
151 446 269 510 falsum
286 443 410 529 aliquid
425 466 485 528 pro
501 465 580 507 vero
599 443 704 507 credi:
729 441 785 505 ubi
806 441 870 506 hoo
895 443 1046 527 exemplo

64 572 128 634 per
144 560 275 613 senatus
299 547 468 612 decretum
491 547 605 612 consul
628 547 773 631 gladium
791 545 950 623 eduxerit,
976 548 1047 630 quis

64 653 114 717 illi
136 652 236 716 finem
260 662 380 716 statuet
404 660 459 715 aut
483 653 554 735 quis
577 648 825 714 moderabitur?

170 756 313 819 Maiores
336 757 447 832 nostri,
483 766 594 838 patres
619 755 805 838 conscripti,
837 776 944 838 neque
969 777 1080 818 con-er

65 858 118 924 sili
152 881 259 944 neque
294 858 452 922 audaciae
487 880 642 942 umquam
678 879 807 942 eguere,
843 880 950 941 neque
984 858 1047 921 illis

65 960 221 1048 superbia
238 962 398 1039 obstabat,
421 963 594 1046 quominus
610 961 717 1024 aliena
732 963 887 1039 instituta,
907 963 932 1023 si
948 961 1046 1025 modo

63 1063 172 1150 proba
195 1066 296 1143 erant,
320 1066 532 1128 imitarentur.
572 1086 663 1127 arma
686 1073 783 1148 atque
807 1063 872 1127 tela
895 1063 1081 1128 militariam

64 1167 108 1233 ab
144 1167 353 1245 Samnitibus,
394 1169 535 1252 insignia
569 1169 816 1251 magistratuum
852 1166 893 1230 ab
928 1168 1045 1231 Tuscis

62 1271 224 1357 pleraque
248 1282 465 1356 sumpserunt,
501 1281 666 1355 postremo
692 1269 781 1355 quod
810 1271 933 1355 ubique
956 1271 1046 1356 apud

64 1376 174 1439 socios
203 1385 259 1439 aut
286 1374 388 1439 hostis
418 1375 573 1439 idoneum
600 1372 784 1453 videbatur,
820 1398 895 1438 cum
919 1397 1044 1438 summo

64 1477 173 1543 studio
199 1478 286 1542 domi
316 1477 596 1562 exsequebantur:
631 1479 750 1541 imitari
774 1500 872 1562 quam
895 1478 1044 1541 invidere

61 1582 161 1646 bonis
184 1581 360 1646 malebant.
407 1581 465 1644 sed
491 1581 607 1645 eodem
631 1581 686 1645 illo
710 1590 858 1665 tempore
882 1580 1045 1645 Graeciae
1054 1605 1080 1645 eo

61 1708 189 1751 morem
211 1687 327 1748 imitati
350 1682 542 1748 verberibus
566 1683 875 1749 animadvortebant
897 1686 932 1747 in
954 1686 1044 1762 civis,

64 1789 107 1853 de
152 1789 378 1853 condemnatis
422 1811 583 1852 summum
621 1788 818 1873 supplicium
863 1787 1044 1850 sumebant.

62 1902 239 1978 postquam
255 1914 308 1955 res
323 1891 457 1976 publica
475 1890 620 1954 adolevit
643 1901 675 1954 et
697 1889 903 1954 multitudine
921 1892 1041 1953 civium
1053 1913 1079 1951 ro

63 1996 226 2060 factiones
264 1995 408 2072 valuere,
457 1995 688 2057 circumveniri
730 1996 932 2071 innocentes,
980 1994 1044 2057 alia

62 2099 199 2164 huiusce
222 2097 311 2162 modi
333 2099 404 2161 fieri
429 2119 578 2182 coepere,
602 2107 670 2161 tum
687 2097 742 2161 lex
758 2098 878 2160 Porcia
894 2097 1043 2182 aliaeque

62 2203 154 2288 leges
187 2212 322 2287 paratae
357 2212 440 2279 sunt,
477 2202 594 2286 quibus
628 2200 756 2286 legibus
786 2201 919 2265 exilium
952 2201 1043 2265 dam-

62 2309 149 2371 natis
170 2307 365 2391 pennissum
388 2316 446 2370 est.
470 2304 555 2369 hanc
578 2328 639 2390 ego
665 2329 806 2383 causam,
830 2316 940 2391 patres
965 2328 1077 2368 con-41

64 2411 186 2494 scripti,
223 2410 395 2494 quominus
429 2431 551 2472 novum
587 2410 758 2473 consilium
794 2412 970 2494 capiamus,
1009 2411 1042 2472 in

63 2515 177 2598 primis
196 2534 349 2596 magnam
366 2521 456 2596 puto
479 2513 630 2596 profecto
647 2515 750 2576 virtus
767 2524 864 2597 atque
882 2515 1077 2597 sapientiam

62 2619 167 2679 maior
196 2616 261 2680 illis
296 2616 367 2692 fuit,
404 2618 458 2699 qui
482 2639 524 2680 ex
547 2619 658 2701 parvis
682 2617 799 2701 opibus
833 2627 958 2680 tantum
981 2619 1041 2679 im·

62 2723 189 2806 perium
213 2721 333 2797 fecere,
370 2743 466 2805 (piam
491 2724 523 2784 in
547 2720 651 2798 nobis,
689 2723 743 2804 qui
772 2743 811 2783 ea
838 2719 924 2783 bene
947 2731 1042 2804 parta

62 2826 120 2888 vix
142 2827 329 2888 retinemus.

167 2928 280 2991 Placet
308 2929 406 3012 igitur
436 2950 492 2991 eos
522 2927 638 2990 dimitti
664 2938 695 2990 et
724 2928 836 3010 aligeri
860 2928 1076 2990 exerciturum

64 3030 247 3096 Catilinae?
290 3034 448 3111 minume3
485 3032 542 3095 sed
574 3034 618 3094 ita
653 3053 788 3094 censeo:
823 3030 1041 3115 publicandas

62 3156 176 3198 eorum
208 3137 376 3219 pecunias,
415 3137 504 3220 ipsos
537 3138 570 3199 in
605 3135 744 3200 vinculis
777 3135 948 3198 habendos
983 3157 1042 3218 per

61 3238 249 3322 municipia,
275 3260 358 3321 quae
375 3261 528 3301 maxume
551 3239 667 3323 opibus
690 3239 814 3317 valent3
839 3260 880 3300 ne
905 3240 976 3321 quis
1000 3237 1041 3301 de

63 3342 110 3405 eis
142 3352 260 3426 postea
294 3341 337 3404 ad
372 3354 519 3406 senatum
555 3344 677 3406 referat
711 3366 795 3406 nevo
820 3364 893 3404 cum
916 3341 1039 3426 populo

62 3456 155 3527 agat;
195 3447 249 3528 qui
273 3445 367 3509 aliter
390 3447 514 3524 feccrit,
551 3458 698 3510 senatum
735 3438 932 3509 existumare
967 3469 1039 3509 eum

62 3557 178 3611 contra
200 3570 268 3611 rem
293 3548 457 3633 publicam
476 3562 507 3612 ot
531 3550 667 3613 salutem
686 3552 831 3614 omnium
856 3549 1040 3613 facturum’
