2392 3952
168 264 210 328 38
444 259 596 312 ermon
613 258 812 311 cernuum
832 259 872 308 or.

132 471 158 511 25
270 450 316 514 At
339 452 426 515 enim
451 451 521 534 quis
544 447 772 533 reprehendet,
798 446 886 532 quod
909 448 943 510 in
965 445 1149 530 parricidas

130 573 140 605 ·2
167 554 215 619 rei
248 554 403 640 publicae
438 552 606 616 decretum
630 551 713 615 erit?
758 561 887 636 tempus
912 550 981 614 dies
1005 550 1148 627 fortuna,

132 678 157 717 11
167 660 259 721 cuius
275 657 388 721 lubido
406 656 557 741 gentibus
573 655 770 720 moderatur.
794 655 857 718 illis
875 656 989 718 merito
1008 654 1148 730 accidet,

169 760 329 846 quidquid
354 761 515 840 evenerit;
550 769 696 824 ceterum
719 782 788 837 vos,
822 769 933 843 patres
958 759 1148 842 conscripti,

133 863 247 949 aquid
281 866 315 927 in
353 863 435 928 alios
459 863 615 940 statuatis,
655 861 871 925 considerate.
918 862 1028 924 omnia
1061 862 1149 925 mala

168 966 321 1051 exempla
345 989 387 1030 ex
409 965 505 1030 bonis
525 976 595 1029 orta
618 975 707 1046 sunt;
748 964 806 1029 sed
829 965 884 1028 ubi
908 966 1082 1049 imperium
1107 965 1149 1028 ad

167 1072 299 1154 ignaros
323 1072 392 1134 eius
408 1079 464 1134 aut
484 1072 591 1134 minus
608 1067 713 1133 bonos
736 1071 896 1153 pervenit,
920 1090 1043 1131 novum
1066 1068 1149 1132 illud

169 1174 356 1259 exemplum
379 1173 420 1238 ab
446 1173 553 1257 dignis
577 1183 609 1236 et
631 1173 758 1236 idoneis
782 1172 824 1237 ad
847 1172 1001 1256 indignos
1026 1182 1058 1235 et
1080 1194 1148 1235 non

133 1299 158 1338 11
167 1276 305 1342 idoneos
316 1278 520 1341 transfertur.
544 1275 802 1340 Lacedaemonii
816 1273 1147 1339 devictisAthenien-

169 1379 257 1443 sibus
290 1383 423 1465 triginta
456 1382 544 1444 viros
567 1380 761 1465 imposuere,
799 1382 853 1463 qui
887 1377 1148 1462 rempublicam

132 1506 281 1548 aeorum
320 1492 509 1548 tractarent.
556 1484 585 1546 ei
622 1484 727 1567 primo
775 1505 914 1567 coepere
957 1506 1148 1567 pessumum

169 1608 331 1671 quemque
356 1596 387 1650 et
410 1585 561 1650 omnibus
590 1588 731 1651 invisum
759 1585 984 1650 indemnatum
1008 1610 1147 1651 necare:

132 1714 208 1755 roca
229 1690 371 1775 populus
392 1689 507 1753 laetari
532 1699 564 1753 et
586 1691 700 1753 merito
726 1688 836 1753 dicere
866 1690 946 1754 fieri.
981 1702 1065 1774 post,
1090 1691 1148 1755 ubi

167 1795 325 1880 paulatim
347 1794 480 1857 licentia
504 1796 615 1873 crevit,
640 1796 732 1857 iuxta
754 1793 859 1857 bonos
882 1804 914 1857 et
936 1795 1039 1858 malos
1062 1795 1147 1859 lubi-

132 1896 283 1960 ardinose
305 1897 500 1974 interficere,
525 1906 652 1960 ceteros
674 1906 764 1960 metu
785 1906 924 1961 terrere:
962 1899 1007 1960 ita
1032 1900 1148 1962 civitas

168 2002 323 2064 servitute
358 2023 516 2084 oppressa
550 1999 667 2064 stultae
700 2001 843 2064 laetitiae
878 2003 987 2084 gravis
1021 2025 1148 2085 poenas

132 2127 157 2164 11
168 2104 268 2168 dedit.
286 2115 399 2169 nostra
413 2107 571 2169 memoria
586 2107 692 2169 victor
708 2104 798 2169 Sulla
815 2128 889 2170 oum
904 2106 1147 2188 Damasippum

168 2220 200 2271 et
222 2208 304 2272 alios
328 2210 396 2272 eius
420 2207 519 2286 modi,
544 2210 599 2292 qui
620 2209 705 2272 malo
722 2211 768 2272 rei
784 2208 937 2293 publicae
962 2221 1146 2286 creverant,

166 2310 306 2395 iugulari
342 2312 444 2389 iussit,
484 2312 556 2395 quis
593 2333 660 2375 non
697 2311 821 2375 facturn
860 2313 928 2374 eius
965 2310 1147 2374 laudabat?

166 2413 315 2478 homines
338 2414 494 2478 scelestos
519 2424 550 2478 ot
567 2415 734 2493 factiosos,
760 2416 814 2499 qui
838 2413 1052 2478 seditionibus
1076 2438 1147 2479 rem

166 2515 333 2602 publicam
356 2521 613 2603 exagitaverant,
637 2518 752 2583 merito
770 2530 904 2582 necatos
921 2517 1061 2581 aiebant.
1089 2518 1149 2582 sed

132 2643 207 2684 osea
229 2642 282 2683 res
304 2643 444 2706 maguae
466 2623 593 2686 initium
618 2622 721 2686 cladis
744 2623 814 2686 fuit.
839 2645 916 2686 narn
938 2624 985 2685 uti
1009 2624 1149 2707 quisque

168 2722 302 2787 domum
325 2734 380 2787 aut
403 2725 524 2803 villam,
558 2735 724 2810 postremo
748 2747 807 2789 vas
831 2736 887 2790 aut
915 2727 1148 2790 vestimentum

167 2826 304 2890 alicuius
328 2829 572 2912 concupiverat,
609 2827 709 2892 dabat
732 2851 875 2912 operam,
906 2842 940 2892 111
964 2832 989 2893 is
1013 2831 1046 2892 in
1069 2851 1148 2913 pro-

132 2952 157 2989 11
168 2931 363 3014 scriptorum
379 2953 513 2995 numero
532 2942 625 2995 esset.
660 2933 706 2996 ita
728 2932 783 3010 illi,
810 2931 927 3016 quibus
950 2933 1149 3018 Damasippi

167 3057 255 3097 mors
277 3035 420 3098 laetitiae
445 3035 561 3113 fuerat,
596 3035 695 3120 paulo
729 3047 804 3121 post
827 3038 888 3120 ipsi
923 3036 1148 3114 trahebantur,

134 3164 136 3191 ε
168 3160 275 3221 neque
298 3140 389 3222 prius
412 3139 486 3202 finis
509 3138 680 3223 iugulandi
703 3139 773 3217 fuit,
805 3163 902 3224 quarn
926 3140 1016 3204 Sulla
1041 3142 1149 3203 omnis

133 3261 244 3303 essuos
279 3241 399 3305 divitiis
423 3242 578 3326 explevit.
625 3253 723 3326 atque
747 3265 807 3327 ego
843 3243 926 3307 hacc
949 3267 1016 3307 non
1044 3245 1147 3309 11111.

168 3343 274 3407 Tullio
299 3367 406 3429 neque
429 3344 478 3407 his
501 3346 703 3430 temporibus
732 3368 863 3425 vereor;
889 3347 1002 3410 sedin
1026 3370 1150 3431 magna

132 3468 158 3509 ae
169 3449 299 3510 civitate
333 3449 436 3512 multa
471 3460 502 3513 et
536 3452 627 3513 varia
661 3452 794 3533 ingenia
818 3463 900 3513 sunt.
946 3462 1055 3534 potest
1083 3451 1149 3516 alio

167 3559 324 3632 tempore,
361 3551 423 3615 alio
449 3553 591 3631 consule,
629 3554 680 3617 cui
703 3555 780 3617 item
805 3555 968 3617 exercitus
991 3556 1024 3616 in
1048 3577 1151 3620 manu
