2392 3952
321 239 471 291 sunnon
491 239 688 290 carrarum
706 240 816 291 33—34.
1015 243 1056 306 23

79 450 187 511 neque
222 428 339 489 amisso
371 427 567 509 patrimonio
599 424 737 489 liberum
771 447 888 511 corpus
918 426 1056 492 habere:

80 540 171 595 tanta
208 531 344 594 saevitia
382 529 626 592 faeneratorum
660 538 758 613 atque
792 532 952 613 praetoris
986 532 1056 595 fuit.

81 656 178 718 saepe
201 636 342 698 maiores
365 643 512 696 vostrum
534 634 670 696 miseriti
693 632 798 719 plebis
814 633 983 698 Romanae
1001 635 1080 698 de-s

81 739 176 800 cretis
196 739 262 801 suis
285 739 416 822 inopiae
441 739 509 800 eius
534 736 682 820 opitulati
706 746 789 815 sunt,
815 759 854 800 ac
870 739 1058 800 novissume

80 843 236 905 memoria
264 851 376 904 nostra
404 849 539 924 propter
567 840 826 924 magnitudinem
851 842 935 904 aeris
959 841 1058 904 alieni

80 942 265 1007 volentibus
300 942 450 1008 omnibus
479 943 576 1008 bonis
606 954 777 1028 argentum
810 967 886 1008 aere
917 943 1058 1008 solutum

81 1056 143 1127 est,
179 1070 278 1132 saepe
301 1049 373 1132 ipsa
395 1046 525 1132 plebes,
559 1058 614 1110 aut
638 1046 828 1110 dominandi
853 1046 961 1111 studio
984 1067 1080 1132 per-a

80 1159 167 1213 mota
190 1160 246 1213 aut
270 1150 423 1235 superbia
446 1152 705 1233 magistratuum,
730 1159 855 1214 armata
875 1174 895 1214 a
909 1149 1081 1236 patribus4

81 1255 225 1316 secessit.
261 1264 294 1315 at
317 1275 377 1317 nos
406 1275 473 1316 non
496 1254 667 1336 imperium
690 1276 797 1338 neque
822 1254 952 1318 divitias
975 1258 1057 1340 peti-

80 1378 167 1433 mus,
201 1379 337 1439 quarum
368 1378 476 1420 rerum
508 1378 607 1419 causa
636 1355 724 1420 bella
753 1368 850 1442 atque
879 1361 1059 1423 certamina

82 1459 191 1521 omnia
220 1461 305 1523 inter
334 1461 480 1524 mortalis
510 1471 599 1538 sunt,
636 1460 694 1524 sed
723 1460 924 1540 libertatem,
961 1485 1058 1546 quam

80 1584 176 1625 nemo
206 1560 312 1627 bonus
342 1566 402 1627 nisi
433 1587 507 1627 cum
537 1565 646 1627 anima
670 1565 764 1628 simul
788 1567 914 1628 amittit.
954 1575 986 1628 te
1010 1575 1080 1628 at·5

82 1688 143 1748 que
161 1677 308 1729 senatum
333 1667 543 1745 obtestamur,
569 1669 746 1732 consulatis
769 1671 895 1733 miseris
920 1668 1057 1747 civibus,

80 1767 162 1851 legis
190 1768 405 1853 praesidium,
443 1771 531 1855 quod
561 1773 723 1855 iniquitas.
746 1774 907 1855 praetoris
930 1773 1057 1855 eripuit,

80 1875 255 1936 restituatis
289 1896 374 1937 neve
408 1873 504 1960 nobis
540 1897 612 1938 eam
646 1874 924 1937 necessitudinem
954 1876 1058 1957 impo-

81 1977 180 2054 natiS,
215 1987 251 2040 ut
275 1999 485 2060 quaeramus,
523 1998 666 2060 quonam
693 1975 790 2040 modo
820 1998 973 2039 maxume
1001 1975 1059 2039 ulti

82 2081 275 2162 sanguinem
299 2089 447 2142 nostrum
470 2083 664 2163 pereamus!

184 2181 239 2244 Ad
272 2180 355 2244 haec
386 2181 425 2262 Q.
449 2182 593 2246 Marcius
628 2183 812 2267 respondit:
850 2185 876 2246 si
907 2182 985 2268 quid
1016 2183 1057 2247 ab
1077 2199 1112 2254 34

82 2296 197 2348 senatu
219 2293 332 2369 petere
354 2285 491 2363 vellent,
520 2285 561 2349 ab
586 2287 684 2349 armis
709 2285 896 2364 discedant,
920 2286 1059 2349 Romam

82 2387 246 2472 supplices
283 2388 550 2472 proficiscantur:
594 2411 633 2452 ea
670 2388 923 2453 mansuetudine
961 2400 1058 2474 atque

82 2491 305 2555 misericordia
330 2502 477 2555 senatum
500 2492 613 2576 populi
629 2493 769 2555 Romani
793 2515 924 2577 semper
947 2494 1057 2571 fuisse,

82 2604 116 2656 ut
140 2617 235 2658 nemo
263 2617 418 2678 umquam
442 2594 483 2657 ab
508 2617 546 2659 eo
571 2595 692 2658 frustra
715 2594 873 2659 auxilium
896 2598 1057 2680 petiverit.

184 2696 230 2760 At
253 2696 394 2761 Catilina
418 2721 460 2760 ex
482 2700 599 2761 itinere
628 2697 793 2782 plerisque
821 2697 1082 2776 consularibusa

83 2812 254 2884 praeterea
289 2813 421 2886 optumo
454 2804 571 2885 cuique
602 2801 725 2865 litteras
756 2803 866 2865 mittit:
903 2825 937 2864 se
969 2801 1059 2864 falsis

84 2903 274 2968 criminibus
304 2906 581 2982 circumventum,
617 2906 771 2989 quoniam
795 2905 930 2968 factioni
954 2906 1060 2967 inimi-

84 3031 195 3071 corum
219 3010 371 3072 resistere
395 3009 589 3092 nequiverit,
615 3008 766 3071 fortunae
791 3007 918 3085 cedere,
944 3008 1060 3071 Massi-

83 3111 159 3174 liam
181 3113 215 3174 in
240 3111 373 3175 exilium
401 3112 581 3195 proficisci,
617 3133 682 3175 non
711 3133 774 3194 quo
800 3111 861 3174 sibi
884 3112 965 3174 tanti
990 3133 1060 3174 sce·

84 3214 159 3278 len‘s
195 3217 347 3279 conscius
384 3225 485 3292 esset,
526 3214 584 3277 sed
618 3216 664 3277 uti
697 3237 749 3278 res
782 3213 917 3299 publica
951 3215 1061 3297 quieta

84 3319 169 3382 foret
205 3342 290 3383 neve
326 3342 367 3382 ex
402 3341 460 3381 sua
499 3321 709 3382 contentione
748 3317 863 3381 seditio
904 3327 1058 3382 oreretur.

85 3421 124 3484 ab
147 3421 197 3484 his
220 3422 319 3506 longe
344 3421 491 3486 divorsas
514 3422 638 3485 litteras
663 3421 702 3502 Q.
729 3420 864 3486 Catulus
886 3423 921 3483 in
945 3432 1081 3485 senatus

84 3525 242 3603 recitavit,
272 3547 352 3609 quas
376 3526 436 3589 sibi
460 3527 592 3589 nomine
616 3525 777 3589 Catilinae
800 3524 947 3589 redditas
971 3525 1059 3588 dice-

84 3628 155 3706 bat;
181 3650 290 3693 earum
316 3629 504 3716 exemplum
526 3629 618 3694 inira
640 3630 808 3715 scriptum
830 3637 901 3691 ssu.
