2392 3952
310 241 463 292 sunnon
480 241 745 293 maunrmuuu
765 244 841 292 4-s.
1023 241 1065 305 55

82 434 255 511 sustinent,
286 434 389 495 virtus
418 442 475 494 est.
513 454 628 494 verum
653 453 713 514 ego
746 431 880 494 liberius
904 432 1087 516 altiusque⁹

80 538 241 621 processi,
266 535 344 599 dum
366 558 419 599 me
443 537 584 599 civitatis
606 558 734 598 morum
757 537 849 620 piget
870 534 1064 619 taedetque3

82 662 174 703 nunc
197 638 240 702 ad
262 641 431 724 inceptum
454 638 565 702 redeo.

186 742 316 806 Bellum
333 745 512 827 scripturus
529 765 609 819 sum,
635 741 724 826 quod
739 740 880 826 populus
896 741 1064 805 Romanus
1083 760 1099 812 5

80 868 158 910 cum
180 844 338 929 Iugurtha
353 855 431 929 rege
449 844 666 908 Numidarum
690 847 798 928 gessit,
823 847 963 929 primum
988 847 1064 929 quia

79 971 239 1032 magnum
263 958 294 1012 et
310 957 406 1011 atrox
421 950 578 1032 variaque
601 950 740 1011 victoria
756 949 826 1026 fuit,
852 947 970 1011 dehinc
988 949 1064 1031 quia

78 1061 162 1115 tune
183 1053 326 1136 primum
347 1051 521 1136 superbiae
543 1051 722 1115 nobilitatis
746 1051 877 1116 obviam
901 1054 981 1115 itum
1005 1061 1063 1130 est,

80 1177 169 1238 quae
193 1156 358 1218 contentio
384 1154 496 1218 divina
519 1166 551 1219 et
565 1154 709 1218 humana
732 1166 851 1218 cuncta
873 1156 1086 1240 permiscuits

81 1279 189 1342 eoque
204 1257 381 1320 vecordiae
396 1260 566 1342 processit,
590 1268 626 1321 ut
642 1258 756 1322 studiis
774 1257 925 1321 civilibus
940 1257 1064 1321 bellum

80 1369 180 1444 atque
203 1363 338 1424 vastitas
360 1361 476 1425 Italiae
499 1362 598 1425 finem
622 1362 756 1426 faceret.
791 1363 849 1425 sed
872 1364 1085 1446 priusquams

79 1462 216 1527 huiusce
239 1464 328 1527 modi
351 1467 399 1528 rei
422 1467 549 1528 initium
574 1465 726 1550 expedio,
759 1488 868 1550 pauca
891 1487 990 1550 supra
1012 1487 1062 1528 re-

78 1576 200 1651 petam,
226 1589 289 1651 quo
314 1567 358 1631 ad
374 1568 645 1652 cognoscundum
663 1571 771 1632 omnia
786 1569 935 1631 inlustria
958 1569 1062 1651 magis

79 1672 252 1754 magisque
275 1673 309 1734 in
333 1681 446 1756 aperto
471 1673 544 1734 sint,

183 1773 276 1837 Bello
300 1775 427 1837 Punico
453 1774 608 1852 secundo,
634 1797 697 1860 quo
723 1774 791 1838 dux
808 1774 1081 1857 Carthaginien-⁴

79 1879 163 1940 sium
185 1877 353 1940 Hannibal
376 1888 451 1962 post
473 1878 732 1962 magnitudinem
754 1880 894 1941 nominis
917 1877 1058 1940 Romani

79 1980 195 2044 Italiae
219 2002 298 2065 opes
320 2003 475 2044 maxume
498 1983 676 2059 attriverat,
712 1982 887 2045 Masinissa
909 2003 970 2044 rex
992 1979 1061 2043 Nu-

79 2082 242 2146 midarum
265 2085 298 2146 in
312 2077 498 2146 'amicitiam
527 2093 679 2168 receptus
703 2108 722 2148 a
744 2085 781 2148 P.
808 2083 972 2168 Scipione,
1009 2086 1061 2148 cui

78 2195 196 2270 postea
217 2185 377 2250 Africano
400 2210 584 2270 cognomen
609 2211 651 2252 ex
666 2191 785 2252 virtute
810 2189 880 2264 fuit,
904 2188 1006 2251 multa
1032 2198 1064 2251 et

78 2288 251 2373 praeclara
284 2292 331 2353 rei
354 2292 502 2354 militaris
537 2292 686 2356 facinora
720 2293 860 2372 fecerat;
900 2292 941 2355 ob
979 2315 1062 2376 quae

79 2395 177 2456 victis
196 2394 523 2479 Carthaginiensibus
547 2408 579 2461 et
603 2407 699 2481 capto
724 2397 887 2482 Syphace,
913 2398 1004 2459 cuius
1028 2397 1061 2458 in

79 2495 197 2560 Africa
212 2521 368 2582 magnum
385 2510 482 2584 atque
498 2500 564 2563 late
587 2503 759 2586 imperium
784 2500 895 2577 valuit,
920 2498 1061 2584 populus

79 2597 256 2677 Romanus,
275 2624 497 2686 quascumque
514 2602 603 2666 urbis
627 2613 659 2665 et
674 2626 771 2687 agros
794 2626 894 2666 manu
918 2614 1059 2687 ceperat,

80 2704 151 2785 regi
176 2701 262 2766 dono
288 2703 388 2767 dedit.
434 2708 532 2790 igitur
566 2709 709 2770 amicitia
743 2707 937 2771 Masinissae
972 2706 1081 2769 bonas

80 2813 179 2888 atque
201 2804 339 2871 honesta
354 2807 449 2871 nobis
472 2812 661 2893 permansit.
687 2811 745 2873 sed
767 2812 883 2894 imperi
906 2812 1059 2893 vitaeque

81 2908 246 2972 eiusfinis
269 2909 357 2974 idem
381 2911 452 2975 fuit.

182 3013 271 3076 Dein
308 3014 449 3098 Micipsa
486 3016 572 3079 filius
610 3040 748 3101 regnum
794 3018 881 3081 solus
921 3015 1080 3079 obtinuits

78 3113 305 3180 Mastanabale
331 3127 363 3180 et
384 3117 527 3182 Gulussa
550 3119 705 3183 fratribus
728 3120 842 3184 morbo
868 3119 1058 3202 absumptis.

77 3218 104 3279 is
126 3217 351 3283 Adherbalem
387 3233 419 3285 et
440 3223 665 3307 Hiempsalem
700 3248 743 3288 ex
775 3246 845 3287 sese
869 3224 982 3307 genuit
1003 3221 1079 3284 Iu-r

76 3320 304 3407 gurthamque,
328 3324 430 3387 tilium
446 3325 682 3390 Mastanabalis
699 3329 818 3405 fratris,
839 3349 936 3411 quem
958 3326 1058 3388 Masi-

76 3425 175 3503 nissa,
201 3425 288 3509 quod
314 3437 403 3489 ortus
428 3451 470 3490 ex
494 3429 680 3493 concubina
704 3440 781 3507 erat,
811 3431 976 3514 privatum
1001 3429 1057 3492 de-

76 3526 263 3611 reliquerat,
282 3529 398 3593 eodem
416 3531 504 3593 cultu
522 3554 584 3616 quo
601 3532 722 3597 liberos
739 3556 814 3596 suos
831 3533 919 3596 domi
934 3532 1057 3595 habuit.
