2392 3952
176 208 218 273 20
414 205 565 256 BELLUM
586 203 784 256 CATILINAE
802 206 912 255 29-30.

122 411 157 466 29
278 396 329 459 Ea
353 417 426 459 cum
450 394 605 458 Ciceroni
632 395 868 471 nuntiarentur,
905 394 1042 476 ancipiti
1072 396 1167 459 malo

175 509 355 584 permotus,
393 496 481 582 quod
511 519 619 580 neque
648 495 762 560 urbem
792 495 833 558 ab
863 495 989 558 insidiis
1024 499 1166 580 private

176 602 312 666 consilio
336 601 465 684 longius
482 602 564 663 tueri
582 609 713 684 poterat
727 621 844 682 neque,
870 600 1036 662 exercitus
1052 600 1165 664 Manli

175 715 316 790 quantus
346 714 402 767 aut
432 725 495 787 quo
527 702 663 766 consilio
699 703 800 779 foret,
837 703 914 765 satis
948 714 1165 785 compertum

76 807 326 903 ’iffi-habebat,
360 828 429 870 rem
458 805 500 868 ad
533 816 682 870 senatum
711 806 813 868 refert
840 807 906 868 iam
937 815 1035 868 antea
1064 807 1160 891 volgi

153 910 360 975 srumoribus
384 911 594 993 exagitatum.
633 912 758 993 itaque,
791 907 880 992 quod
902 908 1102 993 plerumque
1127 914 1162 975 in

175 1017 278 1079 atroci
293 1016 426 1099 negotio
444 1013 535 1091 solet,
562 1023 694 1076 senatus
711 1012 866 1089 decrevit,
885 1011 1001 1075 darent
1017 1033 1161 1096 operam

176 1117 341 1194 consules,
376 1139 417 1180 ne
442 1115 521 1201 quid
549 1138 601 1179 res
631 1115 765 1200 publica
795 1113 979 1178 detrimenti
1009 1127 1160 1199 caperet.

153 1221 225 1283 sEa
247 1213 392 1303 potestas
415 1242 476 1302 per
498 1227 647 1282 senatum
669 1240 760 1281 more
776 1217 924 1280 Romano
948 1219 1161 1301 magistratui

174 1344 330 1385 maxuma
352 1323 559 1401 permittitur,
591 1323 771 1384 exercitum
793 1343 925 1405 parare,
949 1319 1075 1384 bellum
1099 1345 1162 1406 ge-

174 1447 260 1502 rere,
292 1446 444 1487 ccercere
476 1424 626 1487 omnibus
655 1423 761 1486 modis
791 1425 897 1486 socios
929 1433 1026 1507 atque
1060 1427 1159 1504 civis,

176 1526 264 1590 domi
279 1527 479 1610 militiaeque
502 1528 675 1611 imperium
699 1537 797 1610 atque
817 1525 974 1590 iudicium
991 1549 1161 1592 summum

174 1629 311 1692 habere:
346 1630 440 1693 aliter
469 1632 538 1693 sine
568 1629 681 1714 populi
709 1632 799 1693 iussu
821 1629 941 1692 nullius
965 1651 1079 1692 earum
1104 1654 1160 1695 re-

122 1744 157 1799 30
175 1756 246 1797 rum
276 1733 401 1798 consuli
430 1734 480 1795 ius
509 1743 566 1796 est.
605 1743 681 1817 post
709 1754 833 1817 paucos
857 1732 927 1796 dies
950 1733 988 1795 L.
1014 1730 1161 1799 Saenius

178 1846 310 1901 senator
337 1839 372 1901 in
400 1846 515 1900 senatu
549 1836 673 1900 litteras
696 1837 861 1913 recitarit,
897 1858 977 1919 quas
1000 1836 1161 1902 Faesulis

175 1939 301 2004 adlatas
347 1939 408 2004 sibi
453 1940 599 2017 dicebat,
645 1942 679 2003 in
719 1939 835 2023 quibus
881 1941 1036 2023 scriptum
1085 1952 1161 2006 erat

175 2041 212 2106 C.
236 2041 395 2105 Manlium
424 2064 515 2105 arma
543 2045 670 2126 cepisse
700 2065 774 2105 cum
800 2064 921 2128 magna
943 2042 1159 2110 multitudine

153 2154 250 2207 rante
275 2143 360 2207 diem
376 2143 434 2206 VI.
451 2143 622 2207 Kalendas
644 2144 850 2207 Novembris.
876 2144 980 2222 simul,
1003 2142 1039 2206 id
1063 2148 1160 2229 quod

173 2248 207 2309 in
230 2245 287 2310 tali
306 2269 342 2310 re
358 2246 449 2325 solet,
474 2246 529 2310 alii
551 2256 705 2331 portenta
728 2258 825 2331 atque
848 2247 1000 2332 prodigia
1023 2253 1159 2315 nuntia-

173 2347 269 2428 bant,
305 2349 359 2412 alii
390 2360 572 2414 conventus
601 2351 686 2429 fieri,
723 2374 813 2414 arma
841 2354 979 2436 portari,
1016 2351 1158 2437 Capuae

153 2462 272 2535 satque
288 2454 322 2514 in
333 2452 456 2537 Apulia
479 2455 598 2518 servile
620 2454 742 2518 bellum
766 2458 901 2520 moveri.
925 2458 1024 2540 igitur
1047 2462 1157 2522 senati

175 2556 308 2620 decreto
348 2556 387 2637 Q.
419 2559 563 2621 Marcius
604 2558 677 2622 Rex
714 2558 887 2636 Faesulas,
927 2558 966 2639 Q.
998 2558 1157 2625 Metellus

175 2658 324 2723 Creticus
357 2662 391 2724 in
413 2659 569 2745 Apuliam
604 2663 793 2745 circumque
824 2685 863 2726 ca
890 2662 965 2726 loca
997 2663 1087 2725 missi
1112 2702 1157 2710 -—

151 2764 202 2826 4ci
230 2765 358 2848 utrique
388 2762 431 2826 ad
460 2764 575 2828 urbem
605 2766 819 2849 imperatores
851 2776 957 2844 erant,
992 2766 1155 2849 impediti,

173 2888 215 2929 ne
232 2866 478 2951 triumpharent,
503 2867 670 2931 calumnia
691 2889 880 2952 paucorum,
907 2868 1024 2952 quibus
1041 2873 1156 2935 omnia

171 2968 310 3033 honesta
338 2980 436 3055 atque
463 2970 637 3034 inhonesta
665 2970 810 3035 vendere
839 2995 910 3035 mos
935 2982 1004 3036 erat
1027 3009 1068 3015 —
1092 2973 1155 3037 sed

149 3083 341 3155 ⁶praet0res
365 3072 405 3152 Q.
427 3073 605 3158 Pompeius
628 3074 733 3138 Rufus
758 3073 916 3158 Capuam,
942 3076 981 3155 Q,
999 3074 1155 3140 Metellus

173 3174 272 3240 Celer
299 3178 333 3241 in
364 3198 478 3259 agrum
505 3176 681 3254 Picenum,
718 3179 829 3261 eisque
858 3180 1068 3262 permissum,
1104 3184 1154 3245 uti

171 3300 231 3362 pro
247 3288 396 3364 tempore
413 3290 510 3364 atque
532 3280 679 3364 periculo
705 3282 886 3344 exercitum
910 3295 1152 3366 compararent.

151 3380 215 3443 aad
231 3380 314 3460 hoc,
346 3386 468 3468 siquis
490 3383 704 3448 indicavisset
728 3384 768 3448 dc
793 3386 1027 3461 coniuratione,
1065 3406 1153 3467 quae

172 3493 287 3546 contra
317 3507 384 3548 rem
413 3486 581 3571 publicam
610 3487 699 3551 facta
728 3499 812 3564 erat,
848 3489 1029 3572 praemium
1053 3511 1151 3555 servo
