2392 3952
178 248 221 311 42
452 243 604 298 BELLUM
622 246 820 298 CATILINAE
839 248 880 297 52.

144 455 168 494 11
281 436 390 500 Nolite
421 438 619 499 existumare
642 437 781 499 maiores
810 446 938 498 nostros
968 438 1067 499 armis
1091 460 1156 500 rem

144 538 345 623 republicam
361 562 403 603 ex
418 561 522 623 parva
537 561 690 623 magnam
714 539 842 602 fecisse.
868 541 893 602 si
916 541 962 602 ita
985 562 1038 602 res
1062 552 1154 619 esset,

178 641 278 707 multo
307 641 571 728 pulcherrumam
601 664 672 705 earn
702 664 761 705 nos
784 640 994 722 haberemus3
1035 645 1156 729 quippe

178 748 341 809 sociorum
369 756 467 830 atque
493 747 621 822 civium,
656 756 828 829 praeterea
863 768 1027 808 armorum
1060 759 1155 833 atque

141 869 165 908 11
178 871 335 933 equorum
358 850 463 913 maior
487 849 582 932 copia
599 847 694 912 nobis
717 870 815 933 quam
838 847 902 911 illis
927 860 984 912 est.
1010 848 1069 912 sed
1094 850 1159 914 alia

177 952 279 1030 fuere,
314 973 399 1036 quae
421 951 495 1014 illos
518 972 657 1034 magnos
680 950 799 1028 fecere,
839 973 923 1036 quae
947 951 1042 1015 nobis
1067 954 1156 1017 nulla

177 1064 266 1118 sunt:
292 1053 380 1118 domi
394 1054 565 1131 industria,
590 1054 670 1117 foris
686 1055 806 1117 iustum
821 1054 1003 1138 imperium,
1029 1059 1156 1121 animus

176 1161 210 1222 in
242 1157 446 1222 consulundo
481 1155 565 1221 liber
599 1179 706 1241 neque
731 1157 850 1221 delicto
874 1180 981 1242 neque
1016 1158 1156 1224 lubidini

141 1262 349 1326 aobnoxius.
395 1284 455 1345 pro
490 1260 540 1324 his
573 1283 634 1325 nos
667 1260 825 1325 habemus
859 1262 1023 1325 luxuriam
1058 1275 1155 1349 atque

176 1367 356 1443 avaritiam,
380 1364 513 1449 publice
538 1375 726 1448 egestatem,
762 1367 915 1449 privatim
940 1365 1155 1450 opulentiam

175 1467 347 1532 laudamus
371 1468 511 1546 divitias,
547 1470 713 1553 sequimur
735 1470 900 1549 inertia1n3
936 1471 1022 1532 inter
1049 1470 1156 1555 bonos

176 1582 208 1636 et
230 1571 334 1635 malos
359 1570 535 1634 discrimen
558 1569 693 1648 nullum,
725 1572 834 1634 omnia
856 1573 985 1634 virtutis
1008 1576 1154 1656 praemia

140 1695 165 1736 11
176 1673 309 1738 ambitio
332 1672 488 1759 possidet.
524 1695 631 1758 neque
654 1675 785 1737 mirum:
816 1673 872 1738 ubi
895 1679 955 1738 'vos
979 1679 1155 1759 separatim

176 1777 238 1840 sibi
250 1779 387 1862 quisque
405 1776 576 1840 consilium
593 1779 718 1861 capitis,
743 1777 800 1841 ubi
817 1777 904 1841 domi
920 1779 1154 1863 voluptatibus,

174 1880 227 1945 hic
250 1883 412 1966 pecuniae
436 1890 490 1944 aut
513 1883 637 1965 gratiae
662 1883 798 1960 servitis,
824 1905 862 1946 eo
886 1883 931 1960 fit,
956 1894 991 1946 ut
1014 1885 1156 1968 impetus

174 1986 232 2048 liat
254 1987 288 2048 in
310 2007 450 2048 vacuam
474 2007 543 2048 rem
565 1985 743 2070 publicam.

139 2108 165 2146 24
280 2087 346 2152 Sed
370 2110 430 2172 ego
454 2088 537 2152 haec
562 2091 684 2153 omitte.
710 2092 924 2154 coniuravere
939 2090 1154 2154 ¹nobilissumi

176 2195 265 2256 cives
288 2192 429 2276 patriam
444 2191 632 2270 incendere,
659 2192 829 2257 Gallorum
853 2206 985 2277 gentem
1008 2195 1154 2258 infestis·

176 2317 300 2359 sumam
323 2296 447 2358 nomini
470 2296 618 2359 Romano
653 2295 696 2359 ad
718 2295 841 2359 bellum
870 2308 1048 2375 arcessunt,
1087 2298 1157 2362 dux

138 2415 165 2456 25
174 2399 315 2463 hostium
329 2421 403 2462 cum
417 2400 564 2462 exercitu
577 2422 675 2483 supra
689 2410 788 2485 caput
802 2413 863 2463 est:
881 2423 940 2465 vos
954 2404 1156 2466 cunctamini

176 2505 273 2568 etiam
289 2523 379 2566 nune
395 2510 427 2565 et
444 2501 608 2579 dubitatis,
633 2501 712 2587 quid
726 2505 813 2566 intra
827 2507 959 2567 moenia
983 2503 1156 2588 deprensis

139 2633 164 2673 11
174 2607 321 2671 hostibus
345 2605 499 2670 faciatis?
533 2608 752 2670 misereamini
777 2629 895 2671 censeo
920 2645 961 2653 -
986 2607 1157 2692 deliquere

173 2709 321 2774 homines
335 2709 572 2774 adulescentuli
588 2732 648 2794 per
663 2709 874 2774 ambitionem
889 2750 928 2757 —-
941 2723 1038 2796 atque
1055 2715 1157 2777 etiam

138 2840 163 2879 11
174 2826 316 2879 armatos
352 2812 535 2877 dimittatis:
571 2836 612 2877 ne
646 2815 709 2877 ista
743 2814 837 2877 vobis
871 2814 1088 2879 mansuetudo
1124 2829 1158 2880 et

173 2918 408 2994 misericordia,
434 2919 460 2980 si
483 2917 529 2981 illi
546 2941 636 2981 arma
653 2921 808 3002 ceperint,
833 2921 866 2981 in
884 2921 1049 2983 miseriam
1074 2942 1156 2984 con-

139 3031 292 3086 revortat.
339 3020 465 3084 scilicet
497 3042 549 3084 res
584 3023 656 3105 ipsa
679 3044 796 3106 aspera
820 3032 877 3100 est,
914 3021 971 3085 sed
995 3044 1054 3085 vos
1085 3046 1155 3088 non

174 3126 294 3187 timetis
323 3145 410 3187 eam:
444 3125 543 3186 immo
572 3146 650 3187 vero
684 3147 853 3204 maxume;
890 3125 948 3189 sed
975 3127 1094 3189 inertia
1123 3138 1157 3192 et

174 3227 311 3291 mollitia
334 3228 432 3290 animi
457 3227 538 3290 alius
563 3226 661 3291 alimn
686 3240 917 3313 exspectantes
942 3231 1156 3309 cunctamini,

174 3330 329 3394 videlicet
364 3330 413 3393 dis
447 3331 683 3395 immortalibus
719 3334 842 3410 conlisi,
878 3334 933 3416 qui
966 3330 1052 3394 hanc
1084 3355 1156 3397 rem

139 3460 163 3498 10
174 3433 340 3517 publicam
358 3457 456 3518 saepe
475 3436 508 3497 in
524 3437 686 3499 maxumis
702 3435 856 3519 periculis
880 3458 1062 3498 servavere.
1087 3458 1157 3500 non

174 3538 259 3600 votis
293 3560 400 3622 neque
435 3538 604 3621 suppliciis
628 3537 839 3601 muliebribus
871 3538 993 3601 auxilia
1017 3537 1156 3604 deorum
