2392 3952
322 238 473 289 BELLUM
492 236 688 287 CATILINAE
707 238 816 287 45-47.
1015 238 1054 301 31

80 429 138 492 ubi
155 451 174 491 a
190 429 305 514 legatis
330 425 478 490 desertus
501 435 559 503 est,
583 425 685 489 multa
707 427 797 510 prius
814 424 855 490 de
874 424 977 488 salute
1002 447 1059 487 sua

81 533 294 616 Pomptinum
315 529 504 606 obtestatus,
530 528 617 612 quod
634 530 775 592 cinctus
792 537 870 605 erat,
894 537 1058 612 postremo

82 636 214 699 timidus
239 657 278 698 ac
302 634 388 697 vitae
413 630 564 695 diffidens
589 630 677 695 velut
699 629 847 694 hostibus
871 652 942 694 sese
964 652 1059 714 prae-

82 738 206 801 toribus
231 737 331 801 dedit.

186 841 314 922 Quibus
352 838 449 904 rebus
488 839 648 903 confectis
683 840 792 902 omnia
826 859 967 923 propere
1001 859 1062 921 per
1077 851 1113 905 41

82 947 214 1009 nuntios
246 943 373 1008 consuli
402 942 620 1007 declarantur.
659 949 692 1004 at
718 940 808 1004 illum
837 942 954 1024 ingens
984 957 1082 1004 curas

83 1059 181 1131 atque
198 1047 322 1111 laetitia
345 1045 440 1109 simul
464 1065 684 1129 occupavere3
708 1066 785 1107 nam
808 1041 991 1107 laetabatur
1013 1044 1062 1106 in·

84 1149 244 1234 tellegens
275 1150 500 1214 coniuratione
528 1148 697 1232 patefacta
720 1148 885 1210 civitatem
909 1146 1063 1231 periculis

84 1264 230 1338 ereptam
264 1275 350 1333 esse;
384 1275 482 1338 porro
511 1263 621 1317 autem
651 1253 769 1316 anxius
800 1260 870 1315 erat
899 1248 1062 1328 dubitans,

84 1361 119 1420 iu
141 1378 296 1420 maxumo
327 1356 450 1420 scelere
474 1357 572 1420 tantis
597 1355 723 1420 civibus
748 1352 960 1441 deprehensis
984 1352 1063 1437 quid

85 1460 174 1523 facto
208 1481 289 1543 opus
319 1469 417 1524 esset:
452 1481 594 1544 poenam
622 1458 752 1523 illorum
776 1457 837 1521 sibi
862 1458 968 1534 oneri,
1003 1459 1062 1521 im-

83 1565 265 1648 punitatem
300 1562 494 1648 perdundae
524 1563 570 1626 rei
601 1561 754 1646 publicae
790 1561 861 1624 fore
895 1559 1062 1625 credebat.

84 1669 182 1751 igitur
211 1668 403 1732 confirmato
433 1669 541 1730 anime
566 1668 678 1730 vocari
702 1665 744 1730 ad
769 1687 840 1729 sese
862 1663 953 1728 iubet
975 1665 1085 1728 Len-a

84 1771 186 1834 tulum
212 1771 396 1856 Cethegum
420 1768 583 1835 Statilium
607 1768 786 1834 Gabinium
808 1769 952 1852 itemque
980 1766 1063 1831 Cac-

85 1875 212 1956 parium
240 1874 528 1947 Terracinensem,
564 1872 619 1955 qui
652 1872 686 1934 in
718 1870 873 1954 Apuliam
908 1869 950 1933 ad
986 1891 1063 1932 con·

85 1976 218 2039 citanda
242 1977 376 2039 servitia
398 1974 563 2058 proficisci
585 1972 732 2057 parabat.
759 1975 857 2037 ceteri
881 1975 950 2037 sine
972 1994 1086 2036 morae

87 2081 231 2157 veniunt,
258 2078 448 2162 Caeparius,
472 2076 571 2161 paulo
595 2085 671 2140 ante
695 2076 792 2141 domo
817 2099 982 2161 egressus,
1009 2099 1063 2141 co-

86 2183 176 2265 gnito
202 2181 325 2245 indicio
349 2203 392 2245 ex
414 2180 495 2245 urbe
517 2181 718 2265 profugerat.
744 2181 858 2245 consul
876 2180 1086 2258 Lentulums

87 2284 175 2369 quod
204 2294 338 2369 praetor
366 2294 449 2363 erat,
483 2286 555 2370 ipse
585 2307 684 2348 manu
712 2294 828 2349 tenens
858 2286 892 2346 in
916 2295 1064 2347 senatum

85 2388 253 2473 perducit,
288 2388 431 2472 reliques
461 2411 536 2452 cum
565 2387 756 2451 custodibus
779 2388 812 2450 in
836 2385 952 2450 aedem
977 2386 1064 2451 Con·
1093 2466 1095 2470 μ

87 2492 219 2556 cordiae
236 2493 348 2556 venire
363 2491 463 2556 iubet.
488 2513 526 2555 eo
544 2500 692 2555 senatum
714 2489 856 2554 advocat
879 2506 1085 2573 magnaqueo
1099 2504 1176 2544 aveo·

87 2596 272 2680 frequentia
301 2598 369 2660 eius
400 2596 523 2660 ordinis
547 2595 752 2659 Volturcium
781 2593 1064 2676 0001ος0110ίο-

86 2699 245 2777 troducit;
272 2698 432 2763 Flaccum
454 2708 640 2784 praetorem
663 2699 817 2761 scrinium
842 2719 915 2759 cum
939 2696 1063 2772 litteris,

90 2826 169 2886 quas
186 2803 338 2887 elegatis
362 2811 545 2888 acceperat,
571 2802 688 2866 eodem
711 2800 842 2864 adferre
861 2799 959 2863 iubet.
985 2798 1064 2861 Vol·
1083 2806 1117 2859 47

87 2908 209 2968 turcius
236 2908 455 2990 interrogatus
473 2904 513 2968 de
529 2906 660 2982 itinere,
686 2904 727 2967 dc
750 2903 874 2981 litteris,
899 2913 1063 2987 postremo

89 3008 167 3092 quid
198 3019 254 3073 aut
286 3032 351 3093 qua
381 3009 422 3074 de
454 3031 554 3073 causa
592 3008 706 3072 consili
743 3006 920 3084 habuisset,
958 3007 1063 3089 primo

87 3112 210 3196 lingere
235 3112 315 3190 alia,
340 3110 544 3175 dissimulare
569 3109 609 3174 (10
635 3112 873 3189 coniuratione;
902 3118 985 3193 post,
1010 3106 1065 3171 ubi

87 3214 151 3278 fide
167 3214 303 3299 publica
319 3214 429 3278 dicere
445 3215 551 3277 iussus
568 3223 625 3290 est,
649 3214 767 3290 omnia,
791 3214 836 3275 uti
854 3221 946 3295 gesta
963 3220 1064 3287 erant,

88 3320 192 3400 aperit
228 3317 392 3401 docetque
422 3339 456 3380 se
484 3318 599 3402 paucis
633 3326 709 3379 ante
740 3314 855 3378 diebus
879 3337 899 3377 0
922 3313 1064 3378 Gabinio

88 3429 120 3482 ct
148 3421 312 3506 Caepario
347 3423 471 3485 socium
505 3420 667 3484 adscitum
701 3419 781 3483 nihil
814 3418 953 3503 amplius
983 3421 1066 3482 scire

58 3529 62 3534 '
89 3544 186 3606 <luam
216 3524 358 3608 legatos,
393 3523 618 3587 tantummodo
643 3522 756 3586 audire
780 3522 909 3588 solitum
933 3522 1066 3587 00110-

1084 3712 1139 3725 ι*
