2392 3952
163 232 206 296 50
403 230 555 281 BELLUM
574 229 771 281 CATILINAE
790 233 901 282 59-61.

164 442 282 504 rosque
303 421 392 504 ipsos
409 418 562 503 factaque
580 440 692 482 eorum
710 418 807 481 fortia
822 427 975 482 noverat:
1001 441 1043 482 ea
1061 443 1148 484 com-

163 522 376 587 memorando
400 521 537 585 militum
562 523 688 584 animos
711 520 925 585 accendebat.

110 640 146 695 60
267 625 334 690 Sed
350 625 405 689 ubi
423 625 573 689 omnibns
589 624 688 688 rebus
705 624 884 709 exploratis
900 625 1051 689 Petreius
1068 626 1147 691 tuba

162 732 291 814 signum
316 727 380 803 dat,
406 727 547 791 cohortis
569 727 726 812 paulatim
749 726 904 792 incedere
927 727 1032 808 iubet,
1058 729 1146 793 idem

141 833 243 897 sfacit
270 831 410 895 hostium
441 833 614 894 exereitus.
655 842 829 915 postquam
859 853 896 894 eo
925 842 1063 895 ventum
1087 844 1145 910 est,

161 936 249 1000 unde
273 936 457 999 ferentariis
480 934 641 1018 proelium
663 936 819 997 committi
843 945 963 1019 posset,
987 958 1145 999 maxumo

162 1039 305 1103 clamore
319 1062 393 1102 cum
406 1039 533 1102 infestis
547 1039 647 1122 signis
661 1047 876 1101 concurrunt:
900 1038 968 1122 pila
981 1040 1145 1117 omittunt,

140 1141 280 1226 agladiis
292 1163 344 1204 res
357 1143 489 1225 geritur.
509 1142 656 1203 veterani
667 1141 825 1224 pristinae
837 1141 965 1203 virtutis
981 1163 1146 1205 memores

162 1246 343 1308 comminus
367 1246 486 1308 acriter
508 1247 638 1322 instare,
663 1244 709 1307 illi
732 1243 820 1307 haud
843 1243 947 1308 timidi
971 1245 1144 1310 resistunt:

140 1371 316 1412 amaxuma
339 1350 372 1411 vi
397 1358 547 1411 certatur.
572 1349 698 1410 interea
715 1347 857 1411 Catilina
880 1370 955 1410 curn
978 1348 1145 1433 expeditis

160 1455 194 1515 in
217 1453 322 1536 prima
346 1453 416 1515 acie
439 1452 574 1528 versari,
607 1450 832 1515 laborantibus
856 1474 1059 1530 succurrere,
1095 1455 1144 1517 in·

160 1566 269 1639 tegros
285 1577 344 1639 pro
359 1556 477 1618 sauciis
490 1575 666 1631 arcessere,
684 1556 793 1617 omnia
804 1554 990 1638 providere,
1004 1555 1143 1620 multum

159 1660 230 1743 ipse
245 1679 403 1742 pugnare,
429 1679 528 1741 saepe
542 1656 670 1721 hostem
694 1657 806 1721 ferire:
832 1660 954 1721 strenui
975 1660 1087 1723 militis
1112 1671 1145 1724 et

137 1762 237 1825 sboni
253 1762 459 1846 imperatoris
476 1760 587 1824 officia
604 1759 699 1823 simul
712 1760 963 1845 exsequebatur.
981 1762 1142 1841 Petreius,

159 1866 213 1930 ubi
238 1864 329 1929 videt
346 1863 529 1942 Catilinam,
555 1872 670 1928 contra
692 1873 837 1927 aeratus
861 1873 939 1942 erat,
963 1887 1085 1949 magna
1110 1869 1144 1931 vi

160 1971 305 2048 tendere,
330 1969 496 2033 cohortem
508 1971 706 2053 praetoriam
718 1970 752 2032 in
765 1967 890 2031 medios
901 1967 1002 2032 hostis
1014 1968 1144 2033 inducit

160 2096 281 2158 eosque
297 2073 506 2158 perturbatos
530 2082 627 2156 atque
644 2072 724 2135 alios
741 2071 817 2134 alibi
838 2072 1018 2135 resistentis
1041 2074 1143 2136 inter-

159 2177 240 2255 ficit;
266 2174 385 2239 deinde
397 2177 560 2258 utrimque
574 2197 616 2238 ex
627 2175 783 2238 lateribus
800 2184 927 2238 ceteros
940 2175 1143 2258 aggreditur.

136 2279 302 2342 ollanlius
326 2289 359 2342 et
374 2277 579 2342 Faesulanus
602 2281 636 2341 in
659 2280 772 2362 primis
796 2288 982 2363 pugnantes
1007 2277 1142 2343 cadunt.

137 2381 319 2459 rCatalina,
354 2391 528 2466 postquam
552 2382 642 2445 fusas
666 2383 778 2466 copias
802 2403 902 2466 seque
927 2404 1001 2444 cum
1023 2385 1143 2465 paucis

157 2484 307 2548 relictum
330 2483 429 2562 videt,
458 2507 584 2548 memor
606 2487 736 2569 generis
759 2495 856 2568 atque
880 2485 1037 2568 pristinae
1061 2508 1143 2550 suae

159 2587 325 2672 dignitatis
359 2589 393 2650 in
428 2587 696 2651 confertissumos
729 2586 830 2650 hostis
864 2589 1001 2651 incurrit
1027 2586 1143 2673 ibique

157 2713 309 2776 pugnans
334 2691 530 2754 confoditur.

104 2813 138 2867 61
262 2793 328 2858 Sed
345 2794 497 2857 confecto
514 2794 639 2878 proelio
656 2804 725 2858 tum
741 2818 819 2859 vero
837 2817 999 2873 cerneres,
1017 2806 1144 2880 quanta

157 2897 298 2963 audacia
332 2908 519 2983 quantaque
554 2900 653 2962 animi
686 2900 735 2961 vis
770 2899 885 2962 fuisset
917 2900 951 2963 in
989 2901 1142 2964 exercitu

135 3001 329 3067 ²Catilinae.
365 3023 441 3064 nam
464 3001 534 3064 fere
558 3024 655 3085 quem
680 3003 816 3085 quisque
840 3004 934 3065 vivus
956 3002 1142 3087 pugnando

155 3105 266 3169 locum
290 3114 432 3189 ceperat,
461 3127 534 3167 eum
558 3106 677 3168 amissa
700 3107 809 3168 anima
833 3128 971 3190 corpore
992 3105 1140 3189 tegebat.

135 3211 254 3293 apauci
278 3219 396 3286 autern,
432 3230 513 3292 quos
546 3209 672 3272 medios
701 3208 817 3272 cohors
851 3210 1016 3294 praetoria
1039 3208 1140 3274 disie-

158 3322 256 3388 cerat,
291 3310 389 3395 paulo
422 3310 593 3389 diversius
629 3311 685 3375 sed
711 3334 823 3375 omnes
852 3323 963 3375 tamen
986 3310 1140 3377 advorsis

133 3414 345 3478 *volneribus
370 3414 592 3478 conciderant.
639 3415 780 3479 Catilina
803 3437 881 3478 vero
905 3414 1003 3498 longe
1027 3437 1047 3477 a
1071 3419 1140 3480 suis

155 3519 240 3580 inter
254 3515 395 3581 hostium
412 3518 575 3584 cadavera
590 3529 739 3605 repertus
763 3528 820 3596 est,
844 3519 1013 3603 paululum
1037 3522 1139 3586 etiarn
