2392 3952
340 225 498 290 ¹animun
517 224 713 291 carrarum
731 227 825 293 87-10.
1058 226 1076 288 1
1114 257 1116 261 ⁷

94 417 179 480 bene
217 415 306 479 facta
343 414 471 479 laudari
488 438 607 499 “quam
647 417 717 499 ipse
756 415 894 480 aliorum
939 437 1073 496 narrare

94 518 247 584 malebat.
308 594 316 598 μ,
560 583 561 586 ,
1061 594 1064 598 ,

196 623 301 708 Igitur
317 623 406 702 (lomi
425 622 624 707 militiaeque
639 622 719 687 boni
734 644 842 687 mores
867 621 1074 702 colebantur3
1094 636 1113 689 9

95 726 274 790 concordia
319 749 483 806 maxuma,
528 729 674 791 minuma
711 728 848 791 avaritia
893 736 979 805 erat,
1025 727 1075 788 ius

93 831 282 914 bonumque
328 829 417 913 apud
460 851 516 893 eos
559 852 626 895 non
663 829 792 914 legibus
826 831 936 912 magis
976 850 1073 912 quam

94 942 210 996 natura
244 932 386 996 valebat.
420 933 527 1016 iurgia
561 932 743 1013 discordias
783 931 968 1012 simultates
998 947 1098 1013 cum²

93 1035 240 1100 hostibus
264 1034 475 1113 exercebant,
494 1037 601 1114 *cives
633 1058 707 1099 cum
732 1035 857 1099 civibus
890 1035 931 1098 (le
954 1036 1073 1117 virtute

94 1138 279 1218 certabant;
318 1140 351 1200 in
387 1137 556 1222 suppliciis
595 1137 731 1218 deorum
768 1139 944 1222 magnifici,
984 1137 1073 1204 domi

94 1245 194 1327 parci,
222 1244 256 1305 in
280 1244 403 1305 amicos
426 1241 541 1321 fideles
565 1251 667 1306 erant.
714 1241 914 1321 duabus-[his
931 1240 1096 1322 *artibusss

94 1345 234 1409 audacia
256 1349 290 1409 in
306 1345 404 1426 bello,
428 1345 483 1411 ubi
500 1369 567 1431 pax
583 1356 748 1423 evenerat,
773 1348 948 1430 aequitate,
971 1367 1081 1429 seque¹

94 1472 229 1533 remque
257 1449 446 1534 ‚publicam¹
472 1449 641 1517 curabant.
688 1472 825 1534 quarum
862 1472 973 1512 rerum
1010 1466 1097 1533 ego*

93 1574 248 1619 maxuma
286 1555 484 1630 docmnenta
516 1555 599 1619 haec
637 1554 754 1632 habeo,
793 1553 883 1638 quod
915 1555 950 1619 111
985 1552 1072 1617 bello

94 1659 223 1741 saepius
245 1656 449 1722 vindicatum
466 1661 568 1734 estin
592 1680 658 1736 eos,
684 1659 739 1743 qui
763 1667 878 1722 contra
899 1658 1074 1741 imperium

93 1762 126 1824 in
162 1759 289 1824 hostem
332 1760 570 1846 pugnaverant
600 1764 720 1846 quique
764 1762 889 1826 tardius
926 1762 1073 1826 revocati

93 1864 217 1947 proelio
243 1875 464 1943 excesserant,
490 1887 588 1949 quam
613 1867 668 1949 qui
691 1867 785 1948 signa
807 1865 992 1948 relinquere
1015 1872 1072 1925 aut

92 1966 178 2050 pulsi
206 1967 280 2044 loco
311 1967 430 2031 cedere
454 1969 524 2030 ausi
555 1976 661 2045 erant3
700 1968 733 2028 in
757 1988 840 2050 pace
870 1987 959 2043 vero,
984 1964 1097 2049 quod⁵

92 2068 264 2133 beneficiis
287 2072 392 2154 magis
417 2092 515 2154 quam
537 2079 627 2135 metu
649 2071 821 2154 imperium
845 2068 1016 2154 agitabant
1039 2079 1070 2132 et

93 2182 232 2255 accepta
254 2174 373 2236 iniuria
397 2175 569 2257 ignoscere
594 2196 692 2258 quam
720 2175 873 2258 persequi
895 2171 1071 2237 malebant.

93 2275 152 2338 sed
185 2274 240 2339 ubi
274 2275 388 2340 labore
422 2286 520 2361 atque
553 2279 676 2342 iustitia
709 2299 761 2341 res
790 2276 924 2364 publica
959 2277 1127 2354 crevit,1⁰

92 2401 188 2462 reges
210 2381 322 2464 magni
344 2377 432 2447 bello
457 2380 579 2458 domiti,
611 2382 761 2444 nationes
789 2380 882 2445 ferae
906 2389 937 2443 et
958 2377 1073 2464 populi

92 2483 242 2564 ingentes
265 2484 298 2545 vi
322 2482 459 2561 subacti,
496 2483 671 2566 Carthago,
707 2482 836 2546 aemula
869 2484 985 2566 imperi
1008 2483 1073 2559 Ro-

93 2587 190 2662 mani,
226 2584 266 2648 ab
303 2588 402 2670 stirpe
436 2588 567 2664 interiit,
604 2596 723 2650 cuncta
760 2589 863 2651 maria
901 2599 1073 2670 terraeque

92 2686 267 2772 patebant:
292 2691 419 2753 saevire
443 2689 576 2753 fortuna
598 2712 638 2753 ac
656 2691 794 2754 miscere
819 2691 928 2753 omnia
952 2691 1070 2773 coepit.

94 2794 148 2875 qui
171 2791 302 2856 labores
325 2792 482 2876 pericula,
500 2793 617 2857 dubias
640 2803 739 2876 atquc
755 2815 888 2878 asperas
904 2816 957 2859 res
973 2791 1096 2856 faciles

92 2895 323 2973 toleraverant,
348 2897 394 2958 eis
419 2897 518 2960 otium
538 2896 680 2973 divitiae,
704 2897 849 2981 optanda
865 2897 955 2973 alias,
980 2896 1072 2959 oneri

92 3001 309 3083 miseriaeque
354 3000 456 3064 fuere.
502 3002 601 3084 igitur
639 3002 743 3085 primo
782 3002 908 3085 imperi,
952 2997 1094 3063 deindes

92 3105 253 3186 pecuniae
279 3103 397 3187 cupido
422 3106 541 3183 crevit,
573 3126 611 3167 ea
636 3106 727 3187 quasi
751 3106 903 3168 materies
928 3102 1072 3166 omnium

92 3206 253 3270 malorum
276 3207 378 3271 fuere.
424 3230 566 3291 namque
589 3209 727 3271 avaritia
749 3207 848 3270 fidem
875 3204 1094 3290 probitatem

94 3319 285 3393 ceterasque
309 3312 386 3373 artis
409 3309 513 3375 bonas
533 3309 703 3388 subvortit,
727 3333 786 3395 pro
811 3309 859 3372 his
884 3307 1071 3392 superbiam

94 3411 330 3490 crudelitatem,
356 3412 436 3476 deos
452 3413 638 3498 neglegere,
664 3415 773 3476 omnia
796 3411 926 3476 venalia
947 3409 1070 3489 habere

94 3513 234 3580 edocuit.
259 3515 392 3580 ambitio
409 3516 529 3580 multos
544 3516 690 3580 mortalis
712 3515 813 3580 falsos
836 3515 907 3579 fieri
931 3514 1094 3596 subegit,⁵
