2392 3952
307 245 458 298 BELLUM
477 247 673 298 CATILINAE
693 251 804 298 23—25.
1004 252 1041 315 17

66 436 143 517 quia
166 437 277 518 inopia
299 438 406 498 minus
430 435 540 519 largiri
563 447 706 521 poterat,
739 447 874 521 repente
897 437 1042 521 glorians

65 539 168 600 maria
190 539 375 622 montisque
398 538 546 623 polliceri
571 541 679 624 coepit
695 549 726 602 et
741 542 858 603 minari
878 541 1043 605 interdum

66 640 162 719 ferro,
190 643 224 704 ni
248 639 309 704 sibi
333 641 477 705 obnoxia
501 642 594 719 foret,
619 652 783 726 postremo
807 643 950 706 ferocius
974 647 1042 727 agi·

64 752 147 819 tare,
173 766 271 828 quam
295 744 408 807 solitus
430 754 510 808 erat.
549 755 582 808 at
603 744 723 809 Fulvia
745 746 938 810 insolentiae
963 747 1065 811 Curis

65 869 164 910 causa
203 849 334 930 cognita
367 848 432 911 tale
466 848 648 932 periculum
682 851 729 913 rei
763 849 916 934 publicae
953 849 1042 913 haud

64 949 229 1013 occultum
258 949 385 1028 habuit,
422 950 480 1013 sed
504 951 631 1015 sublato
655 965 790 1015 auctore
814 952 854 1015 de
880 952 1040 1017 Catilinae

65 1055 302 1131 coniuratione,
340 1077 423 1139 quae
455 1077 584 1140 quoque
618 1055 716 1120 modo
752 1055 916 1134 audierat,
953 1079 1042 1119 com-

61 1156 211 1240 pluribus
234 1160 389 1221 narravit.

165 1261 216 1323 Ea
243 1282 295 1322 res
314 1261 348 1322 in
363 1262 476 1344 primis
500 1260 607 1325 studia
629 1261 798 1325 hominum
821 1262 974 1327 accendit
997 1263 1064 1326 ads

63 1361 268 1425 consulatum
298 1362 522 1427 mandandum
545 1364 589 1427 M.
614 1364 721 1428 Tullio
747 1365 911 1431 Ciceroni.
947 1385 1063 1430 nam-6

64 1487 127 1549 que
160 1475 257 1528 antea
285 1465 442 1551 pleraque
472 1466 625 1531 nobilitas
654 1469 779 1532 invidia
810 1469 981 1533 aestuabat
1010 1480 1042 1534 et

62 1570 154 1652 quasi
177 1568 279 1653 pollui
304 1569 508 1633 consulatum
533 1570 723 1648 credebant,
749 1574 774 1635 si
792 1594 865 1635 eum
890 1575 1038 1657 quamvis

62 1676 213 1757 egregius
240 1672 336 1736 homo
365 1696 470 1736 novus
495 1673 633 1758 adeptus
657 1675 753 1739 foret.
794 1675 852 1738 sed
875 1674 929 1739 ubi
954 1677 1039 1759 peri-

62 1776 170 1839 culum
200 1775 347 1854 advenit,
381 1776 507 1840 invidia
535 1788 633 1861 atque
663 1778 816 1862 superbia
839 1788 913 1862 post
935 1779 1038 1842 fuere.

60 1882 159 1963 igitur
182 1882 320 1943 comitiis
342 1879 461 1943 habitis
485 1879 636 1943 consules
661 1880 871 1943 declarantur
894 1881 937 1942 M.
958 1882 1035 1944 Tul·
1055 1897 1091 1950 24
1110 1895 1152 1987 fetssr

59 1982 121 2045 lius
145 1993 177 2046 ot
201 1983 236 2046 C.
261 1981 434 2045 Antonius.
471 1982 559 2065 quod
589 1983 713 2044 facturn
740 1984 845 2065 primo
868 1982 1059 2066 popularius
1082 1998 1150 2040 vsch.

61 2086 294 2148 coniurationis
329 2094 548 2147 concusserat.
589 2104 697 2167 neque
730 2094 841 2146 tamen
875 2084 1036 2150 Catilinae

60 2189 152 2251 furor
175 2186 396 2264 minuebatur,
421 2187 536 2250 sedin
560 2187 630 2251 dies
651 2188 747 2272 plura
772 2190 911 2271 agitare:
947 2213 1038 2254 arma

58 2314 118 2375 per
139 2290 268 2354 Italiam
291 2290 372 2354 locis
397 2291 588 2373 opportunis
610 2312 744 2374 parare,
779 2294 954 2374 pecuniam
978 2317 1036 2356 sua

59 2405 115 2458 aut
143 2395 323 2457 amicorum
353 2393 419 2457 fide
448 2404 610 2478 sumptam
641 2404 788 2459 mutuam
809 2395 968 2460 Faesulas
991 2397 1034 2460 ad

58 2498 218 2561 Manlium
236 2496 400 2582 quendam
418 2507 559 2582 portare,
585 2500 640 2582 qui
663 2508 781 2582 postea
803 2500 958 2583 princeps
974 2499 1035 2563 fuit

57 2600 135 2664 belli
171 2599 327 2663 faciundi.
374 2622 414 2663 ea
446 2610 640 2684 tempestato
675 2601 845 2686 plurumos
879 2604 1059 2686 cuiusque?-

58 2707 188 2789 generis
221 2703 368 2766 homines
403 2704 582 2769 adscivisse
617 2704 678 2768 sibi
715 2705 848 2783 dicitur,
885 2705 1037 2768 mulieres

58 2809 156 2870 ctiam
186 2807 318 2891 aliquot,
352 2830 413 2892 per
436 2831 517 2892 quas
541 2831 575 2871 se
599 2808 760 2872 credebat
782 2830 879 2892 posse
903 2809 1059 2871 servitia⁴

56 2909 183 2974 urbana
199 2909 383 2989 sollicitare,
400 2910 515 2975 urbem
538 2911 728 2990 incendere,
747 2913 835 2976 viros
852 2932 963 2975 earum
980 2908 1033 2971 vel

57 3013 236 3097 adiungere
260 3012 321 3076 sibi
343 3013 397 3077 vel
419 3014 613 3078 interficere.

161 3115 226 3180 Sed
249 3118 283 3179 in
307 3118 353 3179 eis
377 3126 446 3180 erat
469 3116 671 3200 Sempronia,
704 3138 787 3201 quae
811 3115 912 3179 multa
935 3135 1033 3198 saepe
1053 3123 1090 3176 25

56 3221 157 3284 virilis
188 3218 347 3283 audaciae
376 3219 524 3282 facinora
555 3221 770 3283 commiserat.
808 3218 890 3282 haec
918 3216 1086 3280 muliera‘

57 3346 177 3407 genere
209 3335 306 3408 atque
340 3324 458 3402 forma,
494 3335 665 3408 praeterea
693 3327 762 3389 viro
794 3334 892 3407 atque
922 3320 1032 3385 liberis

58 3429 134 3489 satis
150 3429 317 3491 fortunata
340 3428 416 3507 fuit;
439 3427 554 3491 litteris
571 3426 709 3491 Graecis
726 3437 758 3491 et
773 3427 900 3490 Latinis
924 3424 1031 3502 docta,

56 3529 196 3616 psallere
231 3541 262 3594 et
297 3530 414 3594 saltare
450 3530 644 3614 elegantius,
684 3553 782 3615 quam
815 3546 952 3593 necesse
986 3540 1039 3590 est

110 3649 198 3689 sauna.
894 3633 918 3677 ἵ
