2392 3952
148 203 190 267 56
372 201 524 285 BELLUM
541 201 804 252 IUGURTHINUM
827 205 903 252 6-7.

112 394 203 476 oqui
238 391 294 455 ubi
317 394 458 475 primum
487 391 640 468 adolevit,
675 391 803 476 pollens
837 392 971 472 viribus,
1008 394 1132 459 decora

148 497 244 573 facie,
280 495 339 559 sed
369 496 470 559 multo
499 518 653 559 maxume
684 497 817 579 ingenio
841 496 980 574 validus,
1004 520 1075 561 non
1100 521 1133 562 se

147 601 239 663 luxui
262 622 370 683 neque
393 601 530 662 inertiae
555 598 834 683 corrumpundum
858 599 958 677 dedit,
989 600 1061 679 sed,
1087 602 1134 664 uti

147 725 218 766 mos
241 704 347 786 gentis
370 701 455 764 illius
480 712 536 779 est,
573 703 719 786 equitare
752 702 889 766 iaculari
923 725 1023 766 cursu
1058 726 1134 767 cum

148 803 339 889 aequalibus
364 814 490 867 certare
515 814 555 881 et,
592 827 666 867 cum
702 807 806 868 omnis
840 805 945 889 gloria
980 808 1133 883 anteiret,

149 906 298 971 omnibus
313 916 424 970 tamen
436 929 536 969 carus
553 928 640 985 essc;
664 906 707 970 ad
723 906 786 971 hoc
801 907 959 993 pleraque
981 918 1135 995 tempora

148 1012 181 1073 in
204 1009 358 1073 venando
384 1031 492 1092 agere,
516 1008 646 1072 leonem
670 1019 768 1093 atque
792 1010 872 1073 alias
896 1011 984 1074 feras
1005 1014 1135 1095 primus

148 1123 204 1176 aut
226 1115 259 1177 in
282 1113 395 1196 primis
412 1113 525 1192 ferire3
549 1112 735 1196 plurumum
760 1113 870 1177 facere
895 1123 927 1176 et
948 1116 1134 1179 minumum

127 1218 219 1299 aipse
244 1215 288 1279 de
309 1237 343 1278 se
366 1214 466 1299 loqui.
492 1215 609 1298 quibus
632 1214 730 1278 rebus
753 1216 903 1300 Micipsa,
927 1220 1059 1281 tametsi
1082 1219 1133 1281 in-

148 1321 203 1382 itio
238 1318 343 1403 laetus
378 1319 485 1381 fuerat
523 1320 724 1381 existumans
762 1320 915 1382 virtutem
951 1319 1134 1404 Iugurthae

148 1443 250 1505 regno
275 1443 332 1483 suo
357 1420 481 1503 gloriae
505 1421 586 1498 fore,
611 1431 731 1499 tamen,
766 1432 941 1507 postquam
963 1423 1135 1488 homiuem

149 1524 394 1588 adulescentem
430 1534 548 1586 exacta
579 1547 638 1586 sua
671 1533 778 1588 aetate
808 1535 840 1588 et
873 1527 984 1611 parvis
1017 1526 1135 1591 liberis

148 1630 252 1711 magis
276 1628 446 1710 magisque
471 1613 628 1690 crescere*
643 1628 812 1713 intellegit,
848 1628 1061 1693 vehementer
1093 1653 1134 1694 eo

148 1733 280 1814 negotio
315 1742 483 1815 permotus
518 1732 620 1795 multa
644 1755 718 1795 cum
742 1735 850 1796 animo
881 1756 938 1796 suo
962 1732 1133 1797 volvebat.

127 1835 293 1900 aterrebat
327 1859 401 1899 eum
438 1847 556 1898 natura
589 1836 774 1898 mortalium
808 1836 907 1899 avida
943 1838 1062 1920 imperi
1102 1847 1137 1900 et

148 1961 309 2025 praeceps
333 1940 376 2002 ad
393 1939 593 2024 explendam
610 1942 708 2003 animi
734 1940 931 2024 cupidinem,
956 1949 1136 2024 praeterea

150 2045 377 2128 opportunitas
401 2067 479 2106 suae
501 2042 745 2127 liberorumque
769 2045 894 2121 aetatis,
925 2065 1008 2126 quae
1032 2043 1136 2107 etiam

150 2145 324 2210 inediocris
359 2149 446 2209 viros
482 2170 540 2230 spe
573 2147 718 2230 praedae
741 2157 947 2210 transvorsos
970 2147 1048 2229 agit,
1090 2135 1137 2210 ad

149 2248 213 2311 hoc
247 2248 355 2311 studia
377 2248 595 2311 Numidarum
617 2251 651 2311 in
673 2248 866 2332 Iugurtham
901 2271 1051 2327 accensa,
1091 2273 1138 2314 ex

151 2351 277 2435 quibus,
314 2352 339 2413 si
363 2351 461 2414 talem
484 2352 590 2414 virum
619 2351 702 2415 dolis
736 2352 965 2428 interfecisset,
1000 2374 1042 2415 nc
1068 2375 1138 2437 qua

115 2467 132 2520 7
151 2454 266 2519 seditio
284 2465 340 2517 aut
357 2454 480 2518 bellum
505 2457 651 2533 oriretur,
676 2457 801 2544 anxius·
818 2465 895 2518 crat.
919 2454 968 2518 his
993 2454 1136 2519 difficul-

149 2558 270 2621 tatibus
289 2559 540 2636 circumventus,
557 2557 613 2621 ubi
636 2559 727 2622 videt
742 2549 849 2643 neque
865 2559 1008 2642 pervim
1023 2580 1137 2642 neque

149 2660 275 2724 insidiis
320 2662 460 2745 opprimi
503 2683 601 2744 posse
644 2660 809 2726 hominem
854 2672 921 2724 tam
958 2670 1138 2745 acceptum

148 2763 374 2849 popularibus
399 2764 487 2849 quod
512 2774 580 2828 erat
603 2764 761 2850 Iugurtha
783 2787 882 2828 manu
905 2773 1078 2848 promptus
1103 2777 1138 2830 et

151 2877 310 2952 appetens
349 2868 473 2951 gloriae
511 2869 668 2948 militaris,
708 2871 819 2945 statuit
856 2890 930 2930 eum
965 2866 1138 2933 obiectare

149 2971 304 3055 periculis
329 2982 361 3034 et
384 2994 421 3035 eo
446 2972 544 3035 modo
569 2974 734 3037 fortunam
757 2981 927 3054 temptare.

130 3104 141 3140 1
253 3074 357 3157 Igitur
378 3074 465 3139 bello
489 3077 689 3140 Numantino
713 3074 862 3157 Micipsa,
899 3097 973 3137 cuni
1006 3076 1134 3159 populo

151 3177 298 3241 Romano
335 3181 479 3263 equitum
510 3189 607 3265 atque
641 3177 788 3264 peditum
823 3177 946 3240 auxilia
979 3179 1136 3257 mitteret,

152 3303 287 3364 sperans
315 3283 369 3346 vel
393 3284 587 3348 ostentando
611 3285 764 3346 virtutem
798 3279 851 3342 vel
885 3278 1027 3344 hostium
1062 3303 1137 3347 sae-

152 3386 232 3447 vitia
255 3386 354 3449 facile
378 3410 453 3451 eum
473 3409 666 3452 occasurum
682 3384 843 3470 pracfecit
865 3384 1025 3461 Nuniidis,
1052 3407 1137 3468 quos

131 3488 185 3551 ⁸iu
209 3489 405 3571 Hispaniam
427 3491 585 3556 mittebat.
624 3490 683 3555 sed
706 3512 746 3553 ea
767 3510 820 3552 res
842 3487 942 3571 longe
965 3488 1068 3566 aliter,
1094 3514 1136 3555 ac
