2392 3952
138 189 180 252 32
381 187 533 239 seuseu
550 185 749 238 ommmsn
767 189 877 239 ‹rs-rs.
978 166 984 175 '
1022 186 1027 195 ·

136 376 226 440 binio
262 376 299 440 P.
324 376 520 440 Autronium
552 374 619 439 Ser.
651 374 774 439 Sullam
803 375 841 438 L.
866 375 1129 460 Vargunteium,

116 480 256 544 amultos
289 489 461 564 praeterea
489 481 523 542 in
547 501 586 543 ea
621 481 845 542 coniuratione
880 501 963 544 esse.
1007 485 1129 550 eadem

136 583 225 648 Galli
243 585 388 648 fatentur
403 605 443 646 ao
458 582 635 646 Lentulum
653 582 910 645 dissimulantem
934 600 1130 670 coarguunt

133 697 266 771 praeter
289 686 412 750 litteras
437 685 650 764 sermonibus,
676 708 757 770 quos
778 684 833 749 ille
855 683 979 750 habere
1006 690 1127 756 solitus

134 801 218 854 erat:
245 812 289 853 ex
312 789 402 852 libris
420 788 588 874 Sibyllinis
611 811 748 872 regnum
764 788 888 852 Romae
910 788 1022 854 tribus
1041 793 1124 858 Cor-

132 893 227 957 neliis
251 893 420 978 portendi:
447 891 586 957 Cinnam
611 903 708 977 atque
725 891 848 955 Sullam
866 901 974 970 antea,
1001 917 1040 960 se
1057 909 1125 961 ter-

131 1000 212 1061 tium
243 1020 328 1075 esse,
365 999 416 1061 oui
447 998 550 1061 fatum
574 998 659 1060 foret
682 995 772 1059 urbis
794 998 907 1080 potiri,
941 1009 1124 1080 praeterea

131 1100 172 1163 ab
198 1103 333 1164 incenso
356 1099 518 1184 Capitolio
542 1098 633 1163 illum
658 1121 728 1163 esse
751 1102 957 1183 vigesumum
980 1123 1122 1184 annum,

132 1226 228 1286 quem
262 1226 361 1287 saepe
391 1226 432 1266 ex
455 1203 614 1287 prodigiis
643 1203 833 1287 haruspices
863 1203 1122 1287 respondissent

108 1305 216 1368 abello
249 1306 336 1369 eivili
365 1315 535 1368 cruentum
564 1304 645 1368 fore.
684 1307 782 1388 igitur
807 1304 962 1388 perlectis
986 1305 1119 1387 litteris

131 1431 204 1471 eum
237 1410 328 1493 prius
359 1430 472 1471 omnes
496 1409 589 1491 signa
613 1430 671 1471 sua
695 1409 941 1491 cognovissent,
978 1424 1120 1476 senatus

130 1505 297 1589 decernit,
322 1512 368 1574 uti
392 1510 544 1574 abdicato
568 1513 760 1594 magistratu
782 1509 943 1575 Lentulus
965 1513 1120 1601 itemque

130 1617 230 1678 ceteri
246 1617 280 1678 in
297 1613 408 1677 liberis
428 1614 583 1678 eristodiis
606 1613 797 1678 habeantur.
822 1617 931 1699 itaque
946 1615 1118 1704 Lentulus

106 1718 164 1781 4P.
182 1717 326 1782 Lentulo
344 1716 518 1802 Spintheri,
545 1721 599 1802 qui
614 1729 682 1781 tum
699 1718 814 1783 aedilis
838 1729 916 1797 erat,
942 1718 1118 1808 Cethegus

129 1822 168 1902 Q.
179 1822 370 1900 Cornificio,
385 1821 575 1886 StatiliusC.
586 1823 729 1900 Caesari,
745 1823 906 1887 Gabinius
918 1823 962 1886 Μ.
975 1823 1116 1905 Crasso,

128 1925 378 2010 Caeparius-
401 1951 476 1991 nam
501 1930 528 1990 is
550 1928 649 2012 paulo
680 1937 755 1990 ante
784 1950 826 1991 ex
849 1927 929 2011 fuga
950 1936 1120 1995 retractus

127 2038 197 2091 erat
219 2067 261 2074 —
288 2030 348 2093 Cn.
372 2030 525 2094 Terentio
555 2033 697 2094 senatori
719 2029 900 2093 traduntur.

73 2148 108 2201 48
229 2131 364 2196 Interea
400 2133 495 2217 plebs
534 2135 759 2196 coniuratione
800 2133 982 2217 patefacta,
1024 2157 1116 2220 qua-e

124 2235 230 2317 primo
265 2234 386 2319 cupida
413 2257 521 2298 rerum
548 2257 707 2299 novarum
731 2237 827 2298 nimis
849 2234 936 2299 bello
960 2235 1113 2319 favebat,

123 2345 250 2400 mutata
281 2347 390 2401 mente
416 2337 576 2402 Catilinae
601 2338 737 2400 eonsilia
761 2340 940 2413 exsecrari,
972 2337 1113 2406 Cicero-

123 2461 198 2502 nem
232 2440 274 2503 ad
309 2440 437 2505 eaelum
465 2441 593 2505 tollere:
624 2441 724 2503 veluti
749 2464 790 2504 ex
815 2444 969 2505 servitute
991 2456 1113 2529 erepta

100 2542 280 2626 agaudium
309 2555 407 2628 atque
431 2545 587 2609 laetitiam
611 2544 766 2627 agitabat.
790 2568 932 2629 namque
948 2545 1012 2609 alia
1027 2546 1112 2614 belli

121 2646 275 2710 facinora
297 2648 442 2732 praedae
465 2651 569 2732 magis
594 2670 691 2732 quam
716 2647 909 2711 detrimento
937 2649 1022 2726 fore,
1056 2654 1110 2716 in-

121 2748 277 2814 cendium
315 2773 394 2816 vero
431 2751 563 2815 erudele
598 2750 849 2814 immoderatum
879 2774 917 2814 ae
941 2749 1003 2814 sibi
1036 2776 1110 2820 ma-

119 2876 219 2917 xume
240 2853 466 2919 calamitosum
482 2853 628 2940 putabat,
647 2856 768 2939 quippe
785 2856 836 2916 oui
857 2877 969 2917 omnes
986 2860 1108 2941 copiae

119 2958 151 3020 in
176 2980 237 3020 usu
270 2957 436 3022 cotidiano
461 2969 493 3022 et
517 2958 605 3022 eultu
629 2960 776 3041 eorporis
800 2970 901 3020 erant.

97 3077 110 3116 ³
145 3111 148 3115 .
226 3061 308 3123 Post
346 3083 420 3123 eum
459 3060 545 3124 diem
584 3059 716 3144 quidam
754 3059 793 3121 L.
824 3059 1020 3143 Tarquinius
1060 3064 1107 3128 ad

119 3174 272 3228 senatum
311 3163 474 3228 adductus
506 3175 587 3241 erat,
624 3185 721 3247 quem
753 3162 796 3225 ad
821 3161 993 3226 Catilinam
1023 3186 1104 3248 pro·

96 3266 325 3331 4fieiseentem
362 3290 404 3330 ex
433 3269 550 3331 itinere
585 3275 762 3329 retractum
797 3264 938 3328 aiebant.
976 3267 1003 3328 is
1028 3289 1106 3335 eum

118 3390 152 3432 se
189 3368 319 3433 diceret
353 3371 573 3434 indicaturum
609 3370 649 3432 de
685 3370 923 3447 coniuratione,
960 3374 985 3434 si
1019 3373 1105 3440 fides

116 3465 251 3559 publiea
285 3474 363 3537 data
391 3485 490 3552 esset,
525 3476 632 3537 iussus
656 3495 675 3535 a
698 3472 847 3549 consule,
884 3495 967 3556 quae
992 3478 1101 3558 sciret,
