2392 3952
305 247 456 297 BELLUM
474 246 672 299 CATILINAE
690 249 800 299 50-51.
978 302 979 305 ,
1003 251 1045 316 35
1098 258 1100 260 ’

63 434 202 498 stodiam
227 433 338 498 traditi
362 441 456 497 erant
494 470 536 480 -
571 434 630 498 scd
653 456 709 499 cos
742 434 841 519 paulo
860 445 941 500 ¹ante
979 437 1045 503 fre·

63 561 167 623 quens
205 549 337 603 senatus
375 538 580 602 iudicaverat
621 549 735 602 contra
772 561 842 603 rem
875 539 1067 624 publicam,

63 644 182 707 fecisse
195 681 245 705 -.
270 655 339 706 turn
362 643 404 705 D.
418 641 531 705 Iunius
547 641 677 706 Silanus
699 645 824 728 primus
848 646 1066 709 sententiam

62 758 204 830 rogatus,
242 746 330 830 quod
365 768 403 810 eo
428 755 576 830 tompore
601 746 715 810 consul
749 746 939 832 designatus
963 757 1042 825 erat,

64 850 104 913 de
129 852 184 927 eie,
216 851 270 933 qui
294 851 327 912 in
352 848 508 913 custodiis
531 847 729 913 tenebantur
751 858 783 913 et
804 859 979 934 praeterea
1003 849 1045 915 de

61 954 100 1016 L.
126 953 241 1016 Cassio
265 953 302 1015 P.
326 953 425 1016 Furio
449 953 486 1016 P.
510 951 680 1016 Umbreno
712 952 751 1033 Q.
774 952 896 1031 munic,
936 955 962 1018 si
986 953 1044 1017 de-

61 1055 215 1140 prehensi
239 1057 356 1132 forent,
393 1055 591 1140 supplicium
615 1055 811 1119 sumundum
841 1055 1042 1134 decreverat,

62 1162 155 1244 isque
179 1169 295 1243 postea
317 1168 485 1242 permotus
503 1158 649 1221 oratione
674 1157 710 1221 O.
730 1156 880 1223 Caesaris
903 1159 1044 1244 pedibus

63 1264 96 1325 in
131 1264 326 1325 sententiam
350 1261 399 1324 Ti.
424 1261 565 1324 Neronis
587 1262 706 1325 iturum
741 1285 775 1326 se
810 1262 948 1341 dixerat,
988 1265 1043 1346 qui

64 1365 105 1427 de
131 1387 169 1427 ea
192 1385 227 1426 re
250 1360 424 1446 praesidiis
446 1359 597 1425 abductis
620 1362 834 1429 referundum
858 1374 1041 1429 censuerat.

64 1467 122 1530 sed
147 1466 278 1543 Caesar,
312 1465 368 1528 ubi
392 1464 532 1529 adeum
560 1474 694 1529 ventum
718 1476 775 1544 est,
811 1477 944 1551 rogatus
968 1490 1062 1534 sen-a

62 1572 197 1633 tentiam
227 1593 247 1632 a
270 1568 403 1632 consule
426 1567 562 1632 huiusce
584 1568 674 1633 modi
698 1568 801 1635 verba
823 1569 952 1634 locutus
976 1580 1042 1633 est:

162 1671 290 1737 ‘Omnis
306 1670 464 1749 homines,
481 1680 592 1755 patres
609 1674 796 1756 conscripti,
814 1674 869 1756 qui
886 1672 1041 1737 derebus
1060 1683 1094 1736 51

62 1775 168 1839 dubiis
193 1775 389 1853 consultant,
420 1774 461 1839 ab
486 1775 561 1839 odio
586 1777 729 1839 amicitia
750 1777 800 1839 ira
823 1785 922 1859 atque
944 1778 1042 1840 mise-

60 1880 203 1944 ricordia
218 1902 341 1943 vacuos
359 1901 430 1943 esse
447 1878 553 1943 decet.
569 1878 657 1944 haud
671 1878 770 1943 facile
783 1882 910 1944 animus
926 1901 1062 1941 verume

59 1984 221 2069 providet,
246 1984 301 2048 ubi
318 1983 374 2047 illa
390 1983 545 2060 officiunt,
570 2005 677 2066 neque
702 1984 873 2066 quisquam
898 1984 1041 2047 omnium

60 2087 311 2173 lubidinisimul
328 2097 359 2149 et
372 2088 444 2149 usui
456 2087 573 2170 paruit.
598 2085 653 2149 ubi
665 2084 846 2150 intenderis
862 2088 892 2151 in
897 2088 1038 2170 genium,
1050 2107 1061 2143 ³

60 2192 164 2254 valet:
191 2192 217 2253 si
239 2188 352 2253 lubido
369 2188 526 2274 possidet,
551 2211 590 2253 ea
607 2188 801 2267 dominatur,
818 2191 945 2253 animus
961 2189 1040 2253 nihil

59 2295 157 2358 valet.
198 2315 319 2377 magna
356 2291 434 2356 mihi
469 2295 564 2378 copia
600 2303 649 2357 est
681 2293 895 2370 memorandi,
930 2303 1061 2377 patresi

61 2399 248 2481 conscripti,
285 2419 368 2481 quae
391 2418 486 2481 reges
509 2408 608 2481 atque
635 2397 750 2483 populi
783 2399 833 2461 ira
856 2407 911 2462 aut
944 2398 1040 2459 mise-

60 2501 202 2564 ricordia
236 2499 367 2585 impulsi
400 2499 486 2564 male
522 2500 758 2580 consuluerint;
799 2500 858 2564 scd
892 2524 931 2571 ea
953 2499 1039 2564 malo

61 2604 181 2681 dicere,
208 2627 291 2688 quac
314 2605 455 2668 maiores
473 2605 575 2668 nostri
600 2614 714 2667 contra
736 2602 917 2667 lubidinem
940 2605 1039 2667 animi

61 2710 110 2770 sui
144 2717 233 2771 recte
268 2716 365 2793 atque
390 2705 504 2770 ordine
528 2707 647 2773 fecere.
694 2704 780 2770 bello
809 2707 1060 2782 Macedonicus

60 2810 150 2895 quod
174 2832 249 2874 cum
271 2833 350 2895 rege
374 2811 476 2874 Perse
499 2812 667 2894 gessimus,
697 2809 899 2874 Rhodiorum
924 2813 1040 2874 civitas

60 2937 180 2999 magna
198 2924 295 3000 atque
312 2913 498 2998 magnifica,
524 2935 607 2998 quae
627 2914 741 2998 populi
759 2913 898 2977 Romani
922 2913 1038 2998 opibus

60 3029 218 3096 creverat,
243 3016 345 3082 infida
358 3028 390 3081 et
412 3016 555 3082 advorsa
569 3017 664 3083 nobis
681 3018 756 3097 fuit3
782 3016 841 3081 sed
863 3028 1037 3101 postquam

59 3122 145 3186 bello
171 3123 324 3186 confecto
359 3120 400 3186 de
424 3120 559 3185 Rhodiis
595 3121 778 3186 consultum
802 3131 859 3198 est,
898 3123 1038 3183 maiores

60 3228 170 3304 nostri,
195 3229 322 3311 nequis
340 3225 526 3290 divitiarum
541 3227 648 3310 magis
671 3249 767 3310 quam
784 3226 921 3288 iniuriae
939 3246 1037 3288 causa

60 3328 182 3393 bellum
205 3332 373 3413 inceptum
408 3330 542 3406 diceret,
577 3331 754 3414 impunitos
789 3352 844 3392 eos
875 3328 1036 3392 dimisere.

60 3435 137 3496 item
159 3432 254 3497 bellis
277 3434 411 3496 Punicis
436 3433 595 3510 omnibus,
633 3454 707 3495 oum
742 3452 840 3514 saepe
866 3428 1057 3513 Carthagi-o

59 3538 190 3601 nienses
225 3548 256 3601 et
278 3539 311 3601 in
334 3558 417 3622 pace
456 3546 488 3600 et
520 3558 581 3620 per
602 3534 745 3599 indutias
774 3533 876 3596 multa
909 3534 1036 3602 nefaria

896 3652 931 3698 ‘gh
