2392 3952
127 226 168 291 78
336 208 487 276 sunnuu
505 224 770 277 Iuouarnmuu
789 227 899 276 ao-ao.

124 416 250 478 interea
272 412 350 477 fidei
374 436 473 476 causa
495 415 632 477 mittitur
654 436 674 476 a
697 413 832 477 consule
854 412 986 479 Sextius
1004 439 1100 501 quae·

126 529 193 582 stor
214 519 249 581 in
265 517 423 602 oppidum
437 516 616 601 Iugurthae
628 517 772 601 Vagam;
797 518 889 581 cuius
910 520 956 581 rei
973 521 1100 602 species

125 630 195 685 erat
231 622 381 704 acceptio
421 620 589 698 frumenti,
633 619 721 705 quod
756 619 953 706 Calpurnius
991 622 1101 705 palam

124 723 241 807 legatis
274 725 509 807 imperaverat,
546 726 701 808 quoniam
735 723 911 789 deditionis
938 747 1033 789 mora
1055 729 1102 790 in·

102 827 235 892 sdutiae
258 825 481 910 agitabantur.
515 829 615 911 igitur
636 850 712 906 rex,
736 830 782 891 uti
806 830 1035 907 constituerat,
1070 833 1102 894 in

125 941 232 994 castra
254 932 345 994 venit
368 953 407 994 ao
430 952 537 1014 pauca
558 933 724 1015 praesenti
749 930 884 995 consilio
907 931 1039 996 locutus
1061 933 1100 997 de

123 1032 248 1097 invidia
271 1033 351 1096 facti
375 1034 424 1096 sui
444 1042 542 1118 atque
557 1035 604 1097 nti
620 1035 654 1096 in
671 1032 871 1098 deditionem
894 1036 1101 1119 acciperetur

123 1136 250 1220 reliqua
272 1158 346 1200 cum
362 1137 474 1200 Bestia
490 1145 522 1200 et
538 1135 661 1200 Scauro
686 1146 813 1200 secreta
835 1139 1001 1222 transigit;
1026 1139 1102 1203 dein

122 1251 254 1323 postero
285 1239 337 1304 die
366 1242 459 1324 quasi
486 1263 548 1325 per
571 1250 714 1304 saturam
738 1243 906 1305 sententiis
930 1244 1101 1326 exquisitis

102 1343 157 1406 sin
180 1340 381 1406 deditionem
410 1345 578 1427 accipitur.
617 1342 690 1420 sed,
720 1345 768 1406 uti
796 1365 856 1428 pro
881 1343 1017 1409 consilio
1042 1348 1101 1409 im·

121 1453 272 1528 peratum
296 1457 379 1526 erat,
411 1446 576 1532 elephanti
598 1449 745 1531 triginta,
774 1469 877 1532 pecus
900 1457 1000 1532 atque
1024 1451 1100 1534 eqni

121 1547 214 1611 multi
232 1570 306 1611 cum
320 1571 424 1633 parvo
438 1551 564 1634 argenti
576 1549 723 1634 pondere
737 1552 901 1635 quaestori
915 1550 1099 1616 traduntur.

100 1649 320 1735 tCalpuruius
344 1651 482 1716 Romam
505 1651 548 1717 ad
570 1654 779 1736 magistratus
806 1653 973 1737 rogandos
999 1655 1101 1739 profi-

123 1756 263 1818 ciscitur.
302 1757 336 1819 in
358 1754 515 1819 Numidia
538 1764 569 1819 et
592 1758 740 1820 exercitu
767 1766 879 1820 nostro
907 1779 974 1841 pax
996 1760 1101 1842 agita·

122 1857 228 1923 batur.

74 1964 109 2021 8⁰
224 1962 404 2046 Postquam
432 1965 541 2027 resin
563 1961 681 2027 Africa
709 1975 818 2047 gestas
846 1985 976 2048 quoque
998 1963 1099 2028 modo

121 2075 215 2128 actae
250 2065 360 2129 forent
394 2066 483 2130 fama
518 2065 712 2151 divolgavit,
747 2067 872 2130 Romae
905 2088 966 2152 per
994 2070 1101 2131 omnis

121 2168 213 2231 locos
237 2179 269 2232 et
293 2179 475 2233 conventus
499 2169 539 2233 de
563 2170 652 2234 facto
678 2169 820 2234 consulis
843 2171 970 2254 agitari.
1009 2169 1100 2256 apud

121 2270 252 2357 plebem
281 2273 390 2356 gravis
419 2272 558 2351 invidia,
592 2282 704 2357 patres
728 2273 858 2338 solliciti
881 2282 987 2338 erant:
1023 2297 1100 2359 pro-

121 2375 282 2439 barentne
318 2385 445 2439 tanturn
478 2375 638 2460 flagitium
671 2399 714 2440 an
749 2375 917 2441 decretum
956 2377 1101 2442 consulis

100 2479 365 2558 rsubvorterent,
399 2501 517 2564 parum
552 2479 734 2545 constabat.
781 2502 820 2544 ao
852 2501 1007 2544 maxumo
1043 2503 1100 2546 eos

121 2583 268 2666 potentia
291 2580 421 2661 Scauri,
457 2581 547 2667 quod
579 2584 607 2646 is
630 2592 745 2646 auctor
772 2591 805 2645 et
835 2583 943 2646 socius
965 2582 1100 2648 Bestiae

99 2684 297 2764 aferebatur,
322 2708 342 2749 a
363 2708 443 2750 vero
466 2685 620 2771 bonoque
643 2684 854 2770 impediebat.
879 2696 912 2750 at
935 2685 973 2750 O.
995 2686 1101 2751 Mem-

121 2793 219 2869 mius,
255 2791 346 2854 cuius
370 2789 412 2854 de
434 2790 585 2854 libertate
619 2791 731 2875 ingeni
761 2799 794 2852 et
823 2789 898 2853 odio
931 2792 1102 2874 potentiae

120 2893 299 2958 nobilitatis
323 2893 588 2978 supradiximus,
612 2895 698 2958 inter
721 2893 958 2958 dubitationem
980 2903 1013 2959 et
1028 2917 1100 2961 mo-

121 3020 174 3061 ras
204 3006 336 3062 senatus
368 2996 575 3061 contionibus
602 2998 761 3083 populum
791 2997 834 3061 ad
860 2995 1099 3062 vindicandum

120 3100 243 3165 hortari
276 3122 425 3179 monere,
460 3123 502 3165 ne
528 3123 598 3164 rem
630 3100 814 3186 publicam,
848 3122 890 3163 ne
913 3099 1100 3167 libertatem

121 3227 213 3268 suam
230 3204 428 3282 desererent,
453 3204 555 3268 multa
578 3203 720 3289 superba
736 3215 768 3268 et
784 3203 931 3268 crudelia
945 3203 1098 3270 facinora

120 3308 300 3372 nobilitatis
331 3307 519 3372 ostendere:
553 3329 687 3392 prorsus
715 3308 859 3371 intentus
887 3308 975 3370 omni
996 3306 1098 3372 modo

121 3411 226 3497 plebis
250 3413 395 3475 animum
417 3410 629 3475 incendebat.

98 3542 112 3580 4
224 3513 290 3578 Sed
325 3516 479 3598 quoniam
514 3537 553 3578 ea
586 3523 780 3599 tempestate
810 3514 935 3579 Romae
961 3511 1099 3579 Memmi
