2392 3952
321 243 472 295 BELLUM
492 243 689 294 CATILINAE
710 245 819 295 16—17.
1018 246 1054 309 11

79 455 212 517 prorsus
235 435 268 495 in
285 433 371 496 facie
388 432 543 516 voltuque
560 432 718 496 vecordia
731 435 846 497 inerat.
872 433 930 496 sed
945 435 1058 497 iuven·
1079 449 1112 502 lo

78 547 191 613 tutem,
227 558 334 620 quam,
369 546 404 600 ut
439 559 537 620 supra
562 535 713 613 diximus,
749 535 920 613 inlexerat,
949 536 1058 601 multis

80 638 186 702 modis
208 639 295 703 mala
318 635 468 702 facinora
490 637 660 702 edocebat.
686 661 728 701 ex
751 639 927 703 illis'testis
951 641 1081 723 signa-s

80 753 232 827 toresque
256 742 358 806 falsos
375 741 601 822 commodare,
625 741 725 805 fidem
742 742 890 806 fortunas
914 743 1060 827 pericula

80 845 158 909 vilia
172 845 304 922 habere,
330 856 412 929 post,
437 843 492 908 ubi
510 867 623 908 eorum
639 845 763 909 famam
779 855 877 930 atque
900 845 1059 930 pudorem

81 951 259 1027 attriverat,
283 951 409 1013 maiora
425 949 489 1012 alia
512 948 711 1033 imperabat;
736 951 762 1012 si
782 970 881 1012 causa
897 948 1060 1033 peccandi

80 1054 114 1115 in
137 1073 293 1136 praesens
316 1053 423 1114 minus
440 1051 645 1135 suppetebat,
669 1050 769 1114 nihilo
793 1053 900 1114 minus
923 1054 1081 1116 insontiss

82 1158 176 1219 sicuti
200 1159 302 1220 sontis
326 1157 563 1219 circumvenire
586 1155 750 1239 iugulare:
780 1153 913 1232 scilicet,
937 1177 979 1218 ne
1002 1179 1061 1240 per

82 1261 182 1322 otium
198 1268 424 1344 torpescerent
439 1281 554 1322 manus
571 1268 627 1322 aut
642 1260 778 1336 annuus,
796 1260 936 1343 gratuito
954 1262 1061 1343 potius

81 1362 186 1425 malus
210 1371 307 1445 atque
333 1360 473 1425 crudelis
497 1370 584 1425 erat.-

185 1466 243 1529 Eis
278 1465 392 1528 amicis
415 1466 577 1548 sociisque
602 1466 744 1529 confisus
779 1462 930 1542 Catilina,
966 1464 1082 1528 simulr

83 1568 172 1653 quod
195 1591 251 1631 aes
274 1567 417 1631 alienum
440 1590 500 1652 per
523 1569 627 1631 omnis
650 1577 754 1630 terras
776 1568 893 1650 ingens
919 1578 996 1645 erat,
1030 1579 1061 1631 et

83 1672 171 1757 quod
204 1672 352 1757 plerique
376 1671 501 1736 Sullani
528 1671 647 1734 milites
675 1670 797 1755 largius
822 1693 879 1734 suo
903 1673 953 1734 usi
975 1673 1061 1755 rapi-

81 1797 197 1838 narum
222 1785 253 1839 et
274 1776 433 1839 victoriae
467 1777 588 1839 veteris
621 1797 784 1839 memores
820 1774 915 1837 civile
938 1773 1061 1837 bellum

84 1877 295 1962 exoptabant,
337 1877 575 1963 opprimundae
613 1879 660 1941 rei
699 1875 850 1960 publicae
890 1876 1061 1939 consilium

84 1984 179 2065 cepit.
226 1983 260 2044 in
283 1981 378 2045 Italia
405 1975 513 2044 nullus
537 1981 711 2056 exercitus,
743 1979 803 2043 Cn.
827 1980 1003 2063 Pompeius
1027 1980 1081 2041 ins

84 2085 239 2148 extremis
275 2087 370 2147 terris
408 2082 530 2146 bellum
565 2081 715 2166 gerebat,
753 2083 813 2166 ipsi
856 2081 1061 2145 consulatum

82 2188 207 2271 petenti
240 2208 361 2269 magna
396 2208 478 2270 spes,
518 2194 650 2248 senatus
684 2183 764 2248 nihil
788 2207 866 2248 sane
901 2186 1058 2249 intentus:
1139 2251 1142 2258 ,

82 2300 171 2354 tutae
208 2289 470 2374 tranquillaeque
507 2311 560 2352 res
596 2311 718 2367 omnes,
758 2287 817 2351 sed
855 2310 894 2352 ea
928 2310 1060 2372 prorsus

85 2404 269 2479 opportuna
292 2391 463 2457 Catilinae.

185 2497 290 2581 Igitur
313 2498 443 2560 circiter
464 2495 636 2560 Kalendas
660 2496 769 2559 Iunias
798 2495 836 2559 L.
863 2494 1005 2560 Caesare
1030 2506 1061 2559 ct
1078 2510 1112 2564 17

85 2599 122 2664 C.
160 2601 278 2684 Figulo
322 2599 510 2664 consulibus
547 2603 652 2685 primo
694 2600 839 2684 singulos
877 2595 1171 2685 appellare;⁶⁴v·⁰¹¹·

83 2702 204 2766 hortari
228 2702 318 2779 alios,
343 2701 424 2765 alios
447 2712 623 2786 temptare;
655 2725 733 2786 opes
757 2725 841 2780 suas,
866 2704 1060 2787 imparatam

83 2828 152 2869 rem
174 2805 350 2889 publicam,
374 2827 495 2888 magna
516 2808 663 2890 praemia
679 2808 913 2870 coniurationis
930 2805 1058 2869 docere.

84 2907 139 2970 ubi
156 2910 233 2971 satis
250 2907 421 2992 explorata
438 2920 521 2985 sunt,
547 2931 630 2992 quae
646 2907 758 2986 voluit,
782 2910 933 2977 inunum
957 2910 1083 2971 omnis2

85 3021 256 3089 convocat,
281 3010 398 3096 quibus
418 3034 573 3075 maxuma
596 3011 803 3076 necessitudo
822 3022 854 3075 et
876 3012 1062 3096 plurumum

84 3113 243 3178 audaciae
281 3117 394 3178 inerat.
441 3137 479 3180 eo
513 3137 698 3179 convenere
737 3117 892 3179 senatorii
938 3113 1083 3177 ordinisa

84 3218 120 3280 P.
133 3216 295 3282 Lentulus
308 3216 399 3294 Sura,
416 3219 453 3282 P.
467 3218 656 3295 Autronius,
680 3219 719 3283 L.
735 3218 867 3282 Cassius
880 3219 1060 3301 Longinus,

86 3319 122 3385 C.
148 3319 322 3403 Cethegus,
358 3321 394 3383 P.
420 3332 452 3384 et
486 3322 554 3386 Ser.
581 3321 690 3386 Sullae
721 3322 789 3387 Ser.
813 3321 880 3396 filii,
915 3319 953 3383 L.
979 3320 1061 3384 Var-
1121 3310 1124 3315 ¹

85 3425 245 3507 gunteius,
271 3423 311 3503 Q.
335 3422 472 3501 Annius,
498 3426 541 3489 M.
566 3426 704 3489 Porcius
727 3426 847 3501 Laeca,
876 3423 915 3487 L.
939 3423 1060 3500 Bestia,

86 3524 125 3605 Q.
145 3525 276 3607 Curius,
296 3537 472 3610 praeterea
496 3549 538 3589 cx
561 3529 703 3612 equestri
728 3526 842 3589 ordine
865 3526 908 3590 M.
925 3525 1084 3589 Fulviust
