2392 3952
303 199 454 249 BELLUM
473 198 672 249 CATILINAE
691 200 801 249 ot-os.
998 200 1039 263 47

55 412 172 455 ensem
196 387 333 453 abducit
357 409 395 450 eo
422 386 568 465 oonsilio,
593 389 638 450 uti
661 409 721 472 per
743 389 888 451 tramites
913 387 1040 450 occulte

53 494 251 580 perfugeret
274 493 308 555 in
331 490 473 555 Galliam
490 489 751 574 Transalpinam.
776 501 810 554 at
833 490 872 570 Q.
889 491 1063 555 Metellum

55 597 156 662 Celer
180 619 256 660 cum
280 593 384 658 tribus
408 593 593 677 legionibus
616 595 649 656 in
672 617 750 677 agro
773 595 896 658 Piceno
917 597 1041 678 praesi-

56 699 167 779 debat,
194 722 238 763 ex
263 696 454 761 difficultate
479 719 586 759 rerum
610 696 727 760 eadem
750 697 806 761 illa
829 700 1040 776 existumans„

56 826 143 889 quae
168 824 270 888 supra
295 799 446 877 diximus,
486 798 660 863 Catilinam
685 802 819 883 agitare.
865 803 964 885 igitur
986 801 1063 865 ubic

54 911 118 972 iter
135 908 206 971 eius
231 927 273 970 ex
290 904 439 989 perfugis
456 904 620 987 cognovit,
647 914 755 967 castra
776 927 918 989 propere
941 907 1043 969 movit

55 1033 94 1093 ac
119 1009 183 1073 sub
213 1010 293 1093 ipsis
322 1006 489 1071 radicibus
519 1009 678 1070 montium
714 1007 872 1084 consedit,
907 1030 973 1092 qua
995 1008 1041 1072 illi

56 1114 240 1179 descensus
264 1120 334 1175 erat
356 1112 388 1173 in
412 1108 554 1174 Galliam
577 1112 777 1194 properanti.
801 1132 908 1194 neque
931 1120 1064 1175 tament

55 1217 225 1283 Antonius
247 1213 365 1300 procul
388 1213 510 1290 aberat,
535 1222 647 1297 utpote
671 1215 726 1298 qui
750 1236 869 1297 magno
894 1216 1042 1279 exercitu

58 1321 142 1385 locis
157 1316 370 1404 aequioribus
387 1315 561 1401 expeditus
577 1315 752 1400 impeditos
773 1319 807 1379 in
823 1318 903 1401 fuga
927 1340 1041 1403 seque·

61 1434 159 1488 retur.
183 1420 245 1486 sed
269 1420 411 1491 Catilina
435 1430 609 1504 postquam
632 1419 724 1483 videt
754 1420 921 1485 montibus
944 1432 1064 1506 atque⁵

59 1528 165 1612 copiis
186 1525 330 1589 hostium
355 1546 425 1586 seso
450 1523 605 1601 clausum,
636 1525 668 1586 in
694 1524 774 1587 urbe
798 1547 849 1587 res
873 1524 1041 1602 advorsas,

56 1652 167 1716 neque
191 1629 292 1712 fugae
316 1648 423 1710 neque
446 1625 589 1710 praesidi
614 1626 713 1690 ullam
738 1650 839 1712 spem,
873 1637 1041 1713 optumum

59 1735 154 1799 factu
174 1741 265 1796 ratus
282 1731 316 1792 in
332 1729 389 1792 tali
405 1752 440 1792 rc
458 1730 623 1792 fortunam
645 1729 724 1793 belli
747 1741 908 1816 temptare
933 1734 1043 1795 statuit

62 1858 139 1915 cum
159 1834 306 1899 Antonio
331 1834 592 1917 quamprimum
617 1833 804 1916 confligere.
829 1836 938 1917 itaque
963 1850 1063 1897 con-6

60 1941 151 2003 tione
173 1937 338 2003 advocata
361 1935 496 1999 huiusce
520 1935 609 1998 modi
634 1937 813 1999 orationem
836 1935 964 2000 habuit:
1050 1950 1152 1992 saecu.

162 2040 392 2125 ‘Compertum
409 2061 469 2123 ego
485 2038 601 2116 habac,
621 2038 749 2116 milites,
769 2039 872 2103 verba
887 2041 1039 2103 virtutem
1058 2053 1094 2109 58

57 2165 130 2207 non
145 2142 278 2221 addere,
296 2164 404 2227 neque
420 2164 462 2205 ex
477 2144 597 2226 ignavo
616 2153 782 2207 strenuum
798 2165 905 2227 neque
922 2144 1040 2207 fortem

60 2269 106 2311 ex
143 2246 255 2311 timido
300 2249 481 2310 exercitum
526 2248 671 2309 oratione
717 2248 922 2331 imperatoris
959 2249 1039 2312 lieri.

59 2360 185 2437 quanta
208 2352 366 2436 cuiusque
390 2351 497 2413 animo
516 2349 655 2412 audacia
678 2361 795 2413 natura
818 2364 873 2413 aut
896 2352 1063 2416 moribusa

56 2458 154 2532 inest,
179 2464 271 2519 tanta
293 2456 327 2517 in
342 2453 429 2517 bello
447 2464 560 2537 patere
577 2454 675 2529 solet3
701 2477 798 2537 quern
813 2477 920 2538 neque
937 2456 1040 2539 gloria

57 2580 169 2643 neque
191 2557 339 2642 pericula
365 2559 518 2635 excitant,
543 2559 741 2641 nequiquam
766 2557 909 2621 hortere:
944 2561 1042 2623 timor

58 2663 162 2733 animi
200 2660 333 2724 auribus
372 2662 479 2724 officit.
527 2661 585 2724 sed
624 2683 684 2743 ogo
723 2684 792 2739 vos,
832 2684 895 2746 quo
935 2686 1062 2746 paucas

57 2786 239 2842 monerem,
265 2763 436 2840 advocavi,
472 2764 566 2827 simul
601 2765 647 2826 uti
671 2787 804 2827 causam
827 2768 891 2828 mei
926 2766 1039 2828 consili

59 2870 233 2953 aperirem.

164 2972 264 3037 Scitis
280 2971 442 3057 equidem,
467 2971 593 3049 milites,
619 2972 771 3036 socordia
788 2984 885 3056 atque
909 2974 1062 3054 ignavior

59 3077 193 3141 Lentuli
233 3085 389 3161 quantam
427 3078 489 3160 ipsi
527 3075 686 3159 nobisque
726 3076 853 3139 cladem
898 3075 1040 3138 attulerit

62 3202 192 3265 quoque
216 3178 326 3257 modo,
352 3179 428 3242 dum
454 3202 495 3243 ex
518 3179 598 3242 urbe
622 3179 786 3263 praesidia
810 3180 971 3263 opperior,
1006 3181 1040 3242 in

62 3283 207 3348 Galliam
229 3284 394 3367 proticisci
418 3285 630 3367 nequiverim.
663 3306 751 3346 nunc
775 3305 853 3346 voro
879 3304 941 3366 quo
965 3282 1084 3346 locos.

60 3410 112 3451 res
136 3396 269 3451 nostrae
305 3388 377 3463 sint,
413 3389 504 3449 iuxta
538 3409 667 3450 mecum
703 3409 815 3449 omnes
842 3385 1038 3470 intellegitis.

59 3492 227 3555 exercitus
242 3488 383 3553 hostium
401 3490 474 3565 (luo,
503 3513 586 3553 rmus
610 3488 651 3551 ab
669 3488 758 3565 urbe,
783 3490 865 3553 alter
888 3512 908 3552 a
931 3489 1062 3553 Galliae
