2392 3952
326 240 478 290 BELLUM
496 239 758 291 IUGURTHINUM
780 242 856 292 7-8.
1035 239 1075 305 57

98 441 191 494 ratus
221 438 299 506 erat,
330 431 448 492 evenit.
494 451 571 491 nam
594 428 760 512 Iugurtha,
792 439 826 491 ut
849 439 919 493 erat
941 431 1104 514 impigr04

102 544 203 617 atquc
227 533 295 595 acri
319 533 461 615 ingenie,
497 530 552 594 ubi
583 541 732 594 naturam
755 532 792 594 P.
817 531 990 617 Scipionis,
1026 537 1080 619 qui

99 649 170 702 tum
203 636 361 699 Romanis
397 637 575 719 imperator
609 646 686 713 erat,
722 646 754 699 et
787 659 909 700 morem
940 636 1081 700 hostium

100 741 268 824 cognovit,
303 739 404 802 multo
439 739 553 803 labore
587 739 753 824 multaque
789 763 875 816 cura,
910 751 1081 825 praeterea

99 843 352 908 modestissume
375 843 524 926 parendo
543 851 575 906 et
593 864 692 926 saepe
709 842 840 906 obviam
864 843 971 907 eundo
996 845 1081 928 peri-

100 946 184 1010 culis
207 948 241 1009 in
275 955 400 1009 tantam
426 945 654 1009 claritudinem
684 945 777 1010 brevi
807 958 1012 1031 pervenerat,
1048 957 1083 1009 ut

99 1051 221 1114 nostris
244 1049 457 1113 vehementer
482 1071 585 1126 carus,
610 1050 818 1112 Numantinis
840 1073 994 1113 maxumo
1019 1061 1082 1113 ter-

98 1155 167 1217 rori
191 1162 285 1216 esset.
332 1174 371 1215 ac
396 1173 484 1229 sane,
521 1152 609 1236 quod
644 1151 880 1215 difficillumum
913 1155 947 1215 in
970 1154 1104 1237 primisb

101 1268 160 1334 est,
201 1267 233 1320 et
269 1256 394 1340 proelio
435 1265 586 1318 strenuus
625 1266 695 1319 crat
728 1266 760 1319 61
793 1256 899 1320 bonus
935 1257 1082 1332 consilia

101 1382 241 1444 quorum
277 1358 416 1422 alterum
452 1381 494 1422 cx
516 1358 725 1443 providentia
747 1362 906 1438 timorem,
946 1361 1084 1423 alterum

102 1486 146 1526 ex
169 1461 309 1525 audacia
346 1462 563 1525 temeritatem
599 1461 729 1525 adferre
763 1463 957 1548 plerumque
991 1463 1083 1527 solet.

100 1567 200 1649 igitur
222 1566 402 1648 imperator
426 1566 530 1627 omnis
554 1565 699 1628 sereres
723 1588 857 1649 asperas
885 1589 946 1651 per
967 1566 1104 1650 Iugur-r

102 1666 191 1730 tham
215 1689 323 1751 agere,
347 1669 381 1730 in
405 1669 517 1730 amicis
540 1666 671 1746 habere,
695 1671 800 1753 magis
816 1671 985 1754 magisque
1010 1692 1083 1732 eum

101 1773 136 1833 in
171 1769 241 1833 dies
276 1770 439 1854 amplecti,
480 1772 601 1855 quippe
637 1774 728 1835 cuius
765 1795 873 1857 neque
912 1773 1083 1836 consilium

102 1895 211 1957 neque
234 1875 403 1958 inceptum
425 1873 528 1937 ullum
552 1876 672 1938 frustra
696 1885 774 1938 erat.
802 1875 877 1938 Huc
902 1873 1104 1938 accedebatt

101 1976 327 2040 munificentia
361 1979 460 2041 animi
496 1987 527 2041 et
554 1980 666 2061 ingeni
691 1978 843 2055 sollertia,
880 1979 950 2062 quis
986 1976 1084 2041 rebus

105 2079 168 2142 sibi
190 2079 309 2142 multos
334 2103 377 2142 ex
399 2080 555 2143 Romanis
584 2081 736 2143 familiari
770 2083 913 2144 amicitia
948 2082 1083 2144 coniun-

104 2192 209 2244 xerat.
235 2205 273 2245 ea
296 2193 491 2268 tempestate
514 2185 548 2247 in
573 2185 720 2247 exercitu
742 2194 853 2248 nostro
878 2185 971 2248 fuere
996 2202 1118 2256 com-8

102 2284 214 2369 plures
248 2289 325 2349 novi
361 2298 459 2370 atque
496 2286 632 2366 nobiles,
673 2287 789 2372 quibus
825 2287 958 2351 divitiae
994 2287 1082 2351 bono

102 2387 307 2474 honestoque
329 2392 474 2474 potiores
499 2400 600 2466 erant,
636 2391 765 2454 factiosi
800 2391 897 2468 domi,
932 2401 1084 2475 potentes

103 2490 194 2575 apud
217 2493 333 2570 socios,
372 2493 450 2556 clari
473 2495 578 2576 magis
603 2516 700 2577 quam
722 2493 860 2571 honesti,
890 2496 945 2578 qui
968 2494 1083 2578 Iugur-

102 2592 179 2656 thae
212 2615 280 2657 non
303 2594 504 2658 mediocrem
539 2597 683 2658 animum
716 2595 930 2679 pollicitando
966 2619 1084 2659 accen-

105 2695 237 2776 debant,
274 2699 300 2759 si
323 2698 464 2783 Micipsa
497 2722 557 2761 rex
586 2699 769 2775 occidisset,
810 2700 880 2762 fore
914 2701 960 2763 uti
997 2699 1084 2762 solus

102 2800 219 2883 imperi
242 2800 417 2864 Numidiae
441 2804 615 2886 potiretur:
650 2805 778 2887 inipso
809 2826 996 2866 maxumam
1019 2806 1084 2866 vir·

102 2913 215 2983 tutem,
247 2906 371 2970 Romae
401 2910 510 2971 onmia
538 2908 668 2971 venalia
697 2930 777 2971 esse.
825 2908 880 2972 sed
910 2918 1105 2992 postquami

102 3007 282 3071 Numantia
306 3009 414 3073 deleta
437 3011 473 3072 P.
493 3010 602 3095 Scipio
629 3011 790 3074 dimittere
814 3011 936 3074 auxilia
960 3012 1084 3093 etipse

105 3112 227 3174 revorti
258 3104 391 3175 domum
421 3112 578 3190 decrevit,
615 3113 772 3177 donatum
796 3124 893 3198 atque
915 3113 1085 3176 laudatum

104 3214 279 3296 magnifice
312 3238 372 3300 pro
409 3219 561 3280 contione
594 3217 785 3300 Iugurtham
819 3220 853 3280 in
886 3217 1085 3301 praetorium

105 3314 243 3381 abduxit
276 3318 387 3403 ibique
423 3329 548 3384 secreto
573 3322 707 3397 monuit,
742 3330 778 3382 ut
810 3321 918 3404 potius
952 3318 1084 3404 publice

105 3442 203 3503 quam
240 3423 398 3506 privatim·
431 3424 608 3486 amicitiam
642 3423 755 3507 populi
789 3423 928 3485 Romani
963 3423 1086 3486 coleret

104 3545 170 3587 neu
193 3524 311 3608 quibus
333 3526 446 3610 largiri
469 3528 685 3621 insuesceret:
720 3525 904 3610 periculose
929 3550 947 3589 a
970 3529 1084 3610 paucis
