2392 3952
142 171 180 235 16
379 170 530 223 BnLLUM
549 171 747 223 CATILINAE
766 175 876 224 21-23.

137 361 332 444 participes3
367 371 479 444 petere
504 360 708 424 consulatum
732 360 768 425 O.
792 361 987 441 Antonium,
1030 388 1133 451 quem

138 465 197 529 sibi
223 465 384 549 collegam
405 465 477 529 fore
501 477 655 549 speraret,
679 464 842 529 bominem
866 475 898 529 et
922 465 1132 536 familiarem

137 581 169 632 et
193 568 344 633 omnibus
360 568 656 633 necessitudinibus
681 571 953 650 circumventum;
980 595 1064 638 cum
1090 600 1131 641 eo

114 689 171 737 tae
196 672 365 737 consulem
381 674 507 735 initium
525 672 648 757 agrmdi
672 673 844 736 facturum.
869 672 993 738 adhoc
1020 679 1129 744 male-

137 775 232 840 dictis
245 775 438 859 increpabat
450 778 554 839 omnis
569 774 684 854 bonos,
703 799 834 840 suorum
850 800 1129 866 unumquemque

135 880 308 943 nominans
324 878 475 942 laudare:
500 878 699 943 admonebat
720 880 819 943 alium
835 881 1000 963 egestatis,
1020 885 1129 951 alium

136 980 325 1065 cupiditatis
349 1003 435 1059 suae,
468 982 643 1066 compluris
666 983 803 1066 periculi
827 993 882 1046 aut
904 985 1127 1067 ignominiae,

135 1084 253 1152 multos
278 1087 435 1149 victoriae
459 1084 622 1163 Sullanae,
648 1084 765 1170 quibus
782 1108 820 1149 ea
834 1085 980 1170 praedae
997 1089 1124 1156 fuerat.

112 1198 309 1273 opostquam
334 1191 477 1252 omnium
502 1191 627 1252 animos
651 1189 768 1253 alacris
791 1189 890 1266 videt,
916 1190 1124 1274 cohortatus,

134 1304 168 1354 ut
191 1293 384 1375 petitionem
408 1314 498 1354 suam
523 1312 620 1355 curae
643 1291 811 1370 haberent,
843 1306 1046 1360 conventum
1073 1299 1123 1362 di·

80 1402 115 1456 22
133 1396 228 1458 misit.
275 1394 368 1459 fuere
398 1418 436 1459 ea
459 1405 652 1480 tempestate
682 1398 737 1480 qui
766 1395 914 1460 dicerent
930 1396 1123 1466 ‘Catilinam

134 1499 280 1562 oratione
315 1496 435 1575 habita,
476 1521 549 1562 cnm
584 1498 626 1562 ad
657 1501 707 1562 ius
741 1498 914 1562 iurandum
944 1503 1123 1584 popularis

133 1601 266 1674 sceleris
302 1604 350 1666 sui
380 1602 537 1687 adigeret,
571 1603 704 1667 humani
740 1605 885 1687 corporis
919 1607 1121 1687 sanguinem

111 1709 208 1777 avino
232 1708 430 1792 permixtum
454 1708 487 1770 in
510 1708 631 1790 pateris
656 1707 906 1786 circumtulisse;
936 1707 1015 1772 inde
1040 1731 1121 1776 oum

131 1821 206 1896 post
232 1811 493 1877 exsecrationem
517 1831 629 1873 omnes
654 1809 924 1893 degustavissent,
960 1812 1057 1875 sicuti
1083 1817 1120 1880 in

132 1913 347 1979 sollemnibus
381 1914 481 1977 sacris
514 1913 585 1976 fieri
620 1915 798 1991 consuevit,
834 1915 1000 1998 aperuisse
1034 1938 1120 1982 con-

132 2018 238 2082 silium
265 2038 375 2094 suum;
400 2015 499 2098 idque
517 2039 554 2079 eo
573 2016 764 2082 dictitavere
785 2017 913 2093 fecisse,
939 2039 1002 2101 quo
1027 2020 1120 2085 inter

131 2142 166 2183 se
188 2119 246 2182 fidi
270 2119 373 2200 magis
384 2117 507 2195 ¹i‘orent,
532 2118 614 2181 alius
631 2120 684 2183 alii
704 2123 785 2184 tanti
802 2121 957 2185 facinoris
975 2127 1116 2190 conscii.

108 2220 279 2285 ononnulli
312 2221 390 2283 ficta
424 2232 456 2284 et
489 2220 570 2284 haec
600 2233 632 2285 et
658 2223 760 2286 multa
781 2235 953 2308 praeterea
986 2227 1116 2290 existu-

129 2323 264 2388 mabant
287 2323 327 2387 ab
345 2327 400 2402 eis,
427 2326 480 2408 qui
504 2324 672 2388 Ciceronis
696 2325 862 2404 invidiam,
888 2348 971 2411 quac
992 2339 1118 2410 postea

130 2438 200 2491 orta
224 2437 281 2505 est,
313 2428 407 2491 leniri
432 2427 611 2492 credebant
634 2432 804 2494 atrocitate
829 2431 960 2494 sceleris
984 2452 1113 2512 eorum,

129 2533 184 2616 qui
206 2552 334 2615 poenas
359 2529 526 2594 dederant.
552 2530 646 2594 nobis
670 2555 709 2596 ea
724 2556 776 2597 res
799 2556 858 2618 pro
883 2535 1115 2618 magnitudine

126 2656 243 2722 parum
272 2644 440 2717 comperta
465 2644 522 2697 est.

75 2742 110 2798 23
231 2735 300 2801 Sed
324 2737 357 2798 in
381 2759 421 2799 ea
444 2738 667 2802 coniuratione
697 2740 759 2803 fuit
783 2741 821 2820 Q.
848 2741 973 2819 Curius,
1010 2752 1111 2807 uatus

126 2840 215 2910 haud
247 2837 385 2904 obscuro
414 2839 497 2918 loco,
536 2840 665 2925 flagitiis
695 2854 792 2927 atque
826 2843 1028 2908 facinoribus
1053 2868 1111 2910 co-

129 2957 270 3035 opertus,
287 2964 384 3027 quem
397 2964 550 3007 censores
563 2956 678 3008 senatu
685 2944 797 3030 probri
807 2949 912 3030 gratia
924 2964 1109 3014 moverant.

105 3056 203 3123 ahuic
218 3047 341 3114 homini
357 3067 423 3108 non
439 3047 546 3109 minor
560 3049 688 3111 vanitas
703 3050 810 3112 inerat
826 3072 923 3134 quarn
946 3048 1108 3115 audacia:

127 3179 235 3245 neque
267 3151 413 3226 reticere,
449 3170 532 3231 quae
564 3149 721 3228 audierat,
756 3173 863 3236 neque
887 3159 1012 3216 suamet
1034 3151 1109 3232 ipse

129 3264 255 3331 scelera
274 3253 453 3322 occultare:
469 3270 603 3334 prorsus
618 3274 726 3337 neque
743 3252 853 3319 dicere
869 3275 976 3338 neque
992 3253 1108 3319 facere

105 3371 306 3459 „quicquam
321 3357 415 3446 pensi
429 3352 580 3419 habebat.
604 3367 675 3418 erat
690 3356 720 3418 ei
736 3378 810 3419 cum
825 3358 953 3433 Fulvia,
970 3354 1106 3422 muliere

127 3471 240 3549 nobili,
259 3477 352 3531 vetus
370 3456 585 3538 consuetud0;
603 3459 747 3520 cuicum
758 3458 865 3522 minus
880 3468 991 3542 gratus
1008 3476 1106 3538 esset,
