2392 3952
283 221 434 277 BELLUM
452 223 715 276 IUGURTHINUM
733 226 844 276 ³0-31.
1008 225 1049 290 79

67 411 227 478 facundia
258 413 346 477 clara
376 414 572 499 pollensque
603 413 679 492 fuit,
712 413 830 478 decere
855 416 1050 478 existumavi

67 539 168 581 unam
198 538 241 580 ex
269 526 337 579 tam
371 517 481 580 muitis
516 518 697 580 orationem
731 518 800 580 eius
833 516 1048 602 perscribere,

68 642 109 686 ac
136 621 356 705 potissumum
386 643 426 684 ea
457 620 580 697 dicam,
617 642 700 704 quae
730 622 765 684 in
790 622 942 684 contione
976 628 1050 704 post

66 722 210 787 reditum
235 722 368 786 Bestiae
390 721 525 786 huiusce
548 722 638 787 modi
660 723 771 787 verbis
796 724 962 787 disseruit:

170 819 288 890 ‘Multa
315 850 368 891 me
397 826 611 891 dehortantur
633 851 653 891 a
675 827 786 906 vobis,
823 828 981 908 Quirites,
1016 827 1050 889 ni
1066 836 1101 892 31

64 930 212 995 studium
226 931 275 993 rei
297 929 451 1014 publicae
476 933 586 994 omnia
609 942 755 1016 superet:
781 954 861 1015 opes
884 931 1046 1008 factionis,

62 1043 179 1100 vostra
200 1034 368 1118 patientia,
393 1036 444 1097 ius
459 1034 585 1098 nullum
601 1057 641 1098 ac
656 1057 821 1112 maxume,
847 1033 936 1119 quod
955 1034 1049 1097 inno-

64 1139 197 1203 centiae
229 1137 304 1222 plus
338 1139 476 1223 periculi
506 1161 604 1223 quam
635 1138 767 1203 honoris
797 1149 855 1203 est.
893 1136 1070 1203 mamillas

63 1239 201 1326 quidem
234 1242 325 1325 piget
360 1240 485 1319 dicere,
520 1240 569 1304 his
600 1243 694 1305 annis
726 1240 914 1326 quindecim
951 1263 1049 1326 quam

59 1341 210 1408 ludibrio
239 1344 367 1408 fueritis
396 1343 570 1429 superbiae
596 1367 794 1430 paucorum,
826 1367 925 1429 quam
948 1343 1048 1408 foede

61 1467 231 1532 quamque
253 1447 348 1511 inuiti
369 1449 529 1533 perierint
550 1449 653 1511 vostri
673 1447 876 1527 defensores
899 1458 936 1512 ut
950 1447 1048 1512 vobis

60 1553 194 1616 animus
209 1549 251 1614 ab
267 1551 402 1634 ignavia
425 1561 523 1635 atque
547 1551 700 1615 socordia
723 1563 896 1636 corruptus
918 1554 967 1630 sit,
993 1553 1069 1636 quia

60 1677 105 1719 ne
128 1675 219 1718 nunc
245 1653 378 1738 quidem
408 1653 560 1717 obnoxiis
586 1656 726 1718 inimicis
749 1656 925 1739 exsurgitis
948 1664 1047 1738 atque

62 1758 165 1821 etiam
194 1778 284 1821 nune
312 1758 432 1820 timetis
456 1779 529 1835 eos,
565 1756 682 1842 quibus
707 1756 804 1821 decet
825 1759 941 1821 terrori
965 1779 1046 1820 esse.

69 1859 131 1924 sed
155 1881 354 1944 quamquam
383 1859 465 1923 haec
488 1860 567 1923 talia
590 1870 677 1938 sunt,
712 1870 822 1923 tamen
846 1859 977 1924 obviam
1000 1862 1070 1924 ires

61 1964 220 2028 factionis
249 1964 418 2048 potentiae
442 1966 569 2027 animus
594 1963 723 2048 subigit.
752 1973 840 2028 eerte
863 1986 925 2049 ego
949 1963 1070 2028 liber-s

60 2077 181 2145 tatem,
218 2088 302 2151 quae
332 2067 411 2130 mihi
435 2090 455 2130 a
476 2080 613 2152 parente
643 2090 716 2132 meo
746 2067 867 2132 tradita
890 2078 953 2146 est,
989 2090 1046 2132 ex-

60 2171 190 2256 periar3
227 2192 358 2248 verum,
393 2170 428 2234 id
451 2171 573 2234 frustra
606 2194 648 2234 an
673 2170 714 2234 ob
743 2192 812 2234 rem
841 2171 977 2249 faciam,
1012 2173 1047 2236 in

61 2283 177 2338 vostra
199 2295 299 2337 manu
322 2275 418 2337 situm
444 2284 501 2352 est,
531 2274 684 2355 Quirites.

91 2370 95 2381 ’
169 2377 286 2461 Neque
317 2399 378 2462 ego
409 2399 469 2442 vos
497 2377 624 2457 hortor,
658 2378 747 2464 quod
778 2401 877 2463 saepe
906 2380 1069 2443 maioresc

60 2482 166 2546 vostri
189 2481 311 2559 fecere,
335 2483 383 2545 uti
408 2491 523 2545 contra
545 2483 679 2545 iniurias
702 2484 818 2546 armati
841 2482 938 2562 eatis3
966 2480 1046 2545 nihil

60 2587 112 2664 vi,
146 2583 227 2648 nihil
260 2586 446 2648 secessione
478 2607 560 2669 opus
589 2595 653 2649 est:
687 2607 824 2649 necesse
849 2594 898 2648 est
920 2593 1048 2649 suomet

60 2689 127 2773 ipsi
141 2710 232 2752 more
248 2690 447 2773 praecipites
465 2699 550 2752 eant.
575 2691 684 2753 occiso
698 2689 747 2752 Ti.
762 2687 925 2768 Graccho,
948 2710 1066 2772 quemi

61 2813 202 2876 regnum
224 2814 343 2877 parare
366 2790 509 2870 aiebant,
533 2794 567 2856 in
586 2792 719 2876 plebem
739 2793 922 2856 Romanam
946 2813 1045 2875 quae-

62 2896 186 2959 stiones
213 2894 346 2960 habitae
371 2906 461 2976 suut;
496 2907 572 2980 post
595 2895 632 2960 O.
658 2895 802 2961 Gracchi
826 2905 858 2960 et
879 2895 925 2959 M.
948 2894 1046 2958 Fulvi

63 2997 202 3063 eaedem
228 3001 308 3062 item
330 3001 431 3062 vostri
464 2998 587 3063 ordinis
616 2999 709 3063 multi
739 2998 894 3064 mortales
917 2999 951 3061 in
975 3018 1045 3059 oar-

32 3127 37 3137 ·
63 3124 140 3166 cere
163 3103 272 3166 necati
296 3111 385 3165 sunt:
419 3104 589 3186 utriusque
613 3102 717 3167 cladis
740 3124 807 3167 non
829 3102 900 3180 lex,
931 3122 1046 3164 verum

61 3204 177 3269 lubido
214 3227 327 3269 eorum
361 3205 461 3269 finem
496 3205 591 3270 fecit.
627 3206 686 3271 sed
717 3228 796 3269 sane
825 3206 924 3268 fuerit
952 3203 1068 3286 regnis

61 3309 190 3393 paratio
229 3307 320 3393 plebi
354 3331 413 3372 sua
447 3310 632 3389 restituere,
673 3308 833 3395 quidquid
868 3309 937 3371 sine
972 3327 1046 3368 san-

62 3411 163 3495 guine
201 3411 323 3474 civium
360 3410 476 3474 ulcisci
514 3413 682 3496 nequitur,
728 3413 797 3475 iure
835 3410 960 3474 factum
995 3409 1045 3472 sit.

62 3511 287 3599 superioribus
322 3515 418 3577 annis
455 3515 546 3577 taciti
583 3513 844 3599 indignabamini
882 3514 1067 3577 aerariums
