2392 3952
125 244 168 306 44
366 243 516 294 sancum
534 243 732 295 carinium
750 247 860 296 53-54.

73 441 108 495 53
228 433 406 518 Postquam
447 433 529 497 Cato
572 433 710 511 adsedit,
758 435 946 498 consulares
991 457 1105 498 omncs

126 539 269 622 itemque
304 548 435 600 senatus
468 560 590 621 magna
612 560 688 622 pars
713 540 907 600 sententiam
941 539 1012 601 eius
1035 538 1104 600 lau-

126 639 214 718 dant,
249 643 402 704 viltutem
426 643 525 704 animi
555 640 598 704 ad
622 642 749 704 caelum
773 641 897 722 feruut;
933 640 988 704 alii
1023 640 1105 704 alios

125 745 334 828 increpantes
377 744 509 807 timidos
553 755 683 822 vocant,
729 744 810 809 Cato
856 745 962 808 clarus
1006 754 1104 829 atque

125 868 263 930 magnus
297 845 449 910 habetur:
489 849 594 910 senati
629 846 797 911 decretum
834 848 879 925 fit,
919 849 1014 910 sicuti
1049 847 1103 910 ille

126 960 307 1013 censuerat.

104 1080 115 1117 a
229 1051 295 1117 Sed
318 1053 396 1117 mihi
419 1053 521 1117 multa
543 1054 674 1137 legenti,
704 1055 807 1117 multa
830 1053 985 1132 audienti,
1019 1077 1104 1139 quae

123 1157 265 1241 populus
281 1158 448 1220 Romanus
465 1157 553 1220 domi
575 1157 774 1242 militiaeque
797 1159 879 1221 mari
903 1167 1001 1242 atque
1017 1168 1105 1222 terra

124 1260 297 1344 praeclara
312 1260 462 1324 facinora
478 1261 566 1338 fecit,
591 1262 676 1324 forte
693 1260 798 1324 lubuit
814 1261 993 1339 attendere,
1020 1284 1104 1346 quae

103 1385 177 1427 arcs
211 1385 364 1426 maxume
400 1374 490 1427 tanta
526 1366 659 1447 negotia
697 1366 911 1427 sustinuisset.
958 1364 1104 1428 sciebam

127 1489 363 1551 saepenumero
398 1489 503 1551 parva
535 1490 635 1530 manu
659 1489 733 1530 cum
756 1469 884 1551 magnis
917 1466 1105 1551 legionibus

125 1569 266 1634 hostium
310 1571 534 1651 contendissc3
580 1594 800 1655 cognoveram
842 1573 954 1656 parvis
1000 1574 1104 1656 copiis

124 1672 213 1736 bella
246 1684 339 1757 gesta
373 1696 447 1737 cum
482 1673 644 1759 opulentis
675 1674 817 1758 regibus,
853 1673 981 1738 adhoc
1005 1698 1105 1760 saepe

126 1776 277 1840 fortunae
308 1775 498 1840 violentiam
527 1777 727 1855 toleravissa
763 1777 921 1841 facundia
944 1778 1104 1856 Graecos

104 1881 231 1965 4gloria
257 1879 336 1944 belli
365 1880 479 1945 Gallos
509 1891 584 1944 ante
616 1882 782 1945 Romanos
806 1882 916 1944 fuisse.
965 1904 1004 1945 ac
1027 1882 1106 1946 mibi

125 1984 228 2048 multa
251 1985 388 2067 agitanti
404 1983 575 2047 constabat
590 2006 772 2069 paucorum
794 1985 914 2047 civium
938 1986 1105 2069 egregiam

125 2089 278 2150 virtutem
295 2097 414 2150 cuncta
429 2089 610 2171 patravisse
627 2110 731 2172 eoque
748 2088 882 2166 factum,
907 2090 952 2150 uti
975 2086 1106 2151 divitias

104 2200 312 2275 spaupcrtas,
351 2191 592 2255 multitudinem
634 2194 783 2275 paucitas
822 2202 1000 2276 superaret.
1047 2192 1107 2256 sed

127 2304 301 2379 postquam
331 2295 412 2358 luxu
446 2304 543 2379 atque
568 2294 694 2357 desidia
718 2297 832 2358 civitas
867 2304 1022 2378 corrupta
1045 2306 1105 2374 est,

126 2420 237 2461 rursus
271 2420 323 2461 res
357 2397 491 2482 publica
524 2396 749 2482 magnitudine
785 2420 842 2460 sua
870 2400 1106 2482 imperatorum

127 2511 224 2585 atque
242 2502 490 2585 magistratuum
508 2502 587 2564 vitia
604 2499 815 2578 sustentabat,
840 2524 879 2565 ac
896 2502 991 2564 sicuti
1007 2502 1108 2564 effeta

126 2614 263 2688 parente
297 2604 406 2667 multis
440 2604 688 2689 tempestatibus
711 2603 799 2667 haud
830 2628 908 2669 saue
932 2606 1106 2690 quisquam

103 2708 249 2771 sRomae
272 2709 391 2771 virtute
414 2730 553 2791 magnus
577 2708 647 2771 fuit.
694 2708 753 2771 sed
779 2710 936 2772 memoria
958 2731 1032 2772 mea
1056 2711 1106 2772 iu-

126 2813 214 2894 genti
246 2812 366 2874 virtute
396 2810 535 2874 divorsis
558 2809 703 2874 moribus
737 2813 829 2875 fuere
864 2812 925 2875 viri
949 2811 1024 2890 duo,
1060 2813 1105 2875 M.

126 2915 208 2979 Cato
234 2925 265 2977 et
300 2913 336 2976 Ο.
363 2913 494 2977 Caesar.
541 2937 623 2999 quos
656 2917 807 2999 quoniam
845 2937 896 2978 res
932 2914 1106 2994 obtulerat,

126 3018 252 3081 silentio
269 3019 447 3101 praeterire
471 3040 537 3081 non
554 3018 615 3081 fuit
631 3018 811 3096 consilium,
837 3020 915 3102 quin
937 3019 1107 3102 utriusque

125 3132 275 3184 naturam
299 3131 331 3183 et
354 3139 470 3198 morea
506 3132 663 3206 quantum
686 3123 818 3203 ingenio
848 3143 990 3205 possem,
1026 3144 1106 3206 ape-

74 3238 107 3290 54
126 3227 232 3288 rirom.
276 3226 375 3308 igitur
413 3227 458 3288 cis
497 3248 600 3308 genus
643 3234 732 3288 aetas
777 3225 964 3310 eloquentia
999 3247 1107 3310 prope

127 3328 276 3413 aequalia
300 3329 401 3405 fuere,
437 3327 627 3412 magnitudo
653 3330 751 3391 animi
773 3351 843 3412 par,
879 3329 957 3391 item
991 3327 1106 3411 gloria,

105 3430 185 3493 seed
221 3431 284 3494 alia
329 3431 392 3496 alii.
440 3433 563 3496 Caesar
599 3432 768 3496 beneficiis
805 3455 845 3495 ac
882 3432 1107 3496 munificentia

104 3551 250 3608 magnus
292 3534 492 3616 habebatur,
539 3538 732 3623 integritate
780 3537 870 3598 vitae
912 3534 1015 3609 Qum„
1053 3535 1116 3597 ‘me
