2392 3952
341 255 494 308 BELLUM
512 255 775 308 IUGURTHINUM
796 257 836 306 18.
1032 257 1074 322 69

90 445 129 508 in
151 443 313 528 Hispania
340 444 518 523 Herculea,
553 446 647 508 sicuti
675 443 750 508 Afri
780 454 906 530 putant,
941 447 1073 525 interiit,

93 547 259 611 exercitus
282 548 351 611 eius
376 549 575 631 compositus
599 570 641 611 ex
657 549 755 611 variis
778 548 931 632 gentibus
955 551 1073 613 amisso

93 649 179 714 duce
195 672 235 713 ac
250 651 372 733 passim
388 649 497 712 multis
519 649 580 713 sibi
604 651 741 734 quisque
763 652 936 735 imperium
959 661 1073 736 peten-

89 752 179 816 tibus
212 751 306 816 brevi
341 750 507 816 dilabitur.>
544 775 648 817 exeo
678 776 813 818 numero
837 754 928 818 Medi
951 756 1095 819 Persaer

90 866 124 920 et
138 854 289 920 Armfflii
311 854 451 919 navibus
470 858 505 919 in
519 856 669 920 Africam
692 860 871 921 transvecti
893 881 1074 942 proxumos

88 970 203 1025 nostro
237 961 318 1022 mari
352 959 444 1023 locos
479 981 699 1044 occupavere,
739 961 797 1024 sed
832 962 954 1026 Persae
987 964 1095 1026 intras

89 1062 263 1130 Oceanum
285 1065 400 1147 magis,
429 1065 524 1148 eique
548 1063 659 1127 alveos
683 1066 816 1127 navium
839 1065 989 1128 invorsos
1012 1088 1072 1149 pro

87 1167 227 1250 tuguriis
248 1165 403 1244 habuere,
429 1169 505 1251 quia
527 1189 634 1251 neque
657 1169 795 1232 materia
809 1169 843 1231 in
859 1170 946 1252 agris
965 1190 1072 1252 neque

87 1270 130 1334 ab
154 1270 312 1354 Hispanis
336 1269 469 1334 emundi
493 1280 548 1333 aut
570 1270 719 1335 mutandi
744 1273 840 1356 copia
862 1282 947 1334 crat:
983 1295 1095 1337 marea

86 1395 246 1458 magnum
275 1384 308 1437 et
330 1375 446 1457 ignara
472 1374 586 1459 lingua
615 1375 811 1438 commercio
841 1374 1071 1458 prohibebant.

87 1478 118 1542 ei
133 1476 292 1562 paulatim
307 1499 369 1561 per
386 1476 528 1541 conubia
541 1477 700 1542 Gaetulos
717 1501 828 1542 secum
851 1480 1013 1543 miscuere
1030 1489 1095 1556 et,v

87 1583 166 1665 quia
196 1602 296 1664 saepe
323 1589 522 1664 temptantes
547 1603 644 1665 agros
667 1581 740 1660 alia,
766 1580 886 1645 deinde
910 1582 976 1645 alia
997 1582 1073 1646 loca

85 1685 282 1769 petiverant,
308 1686 485 1768 semetipsi
497 1684 666 1748 Nomadas
679 1685 901 1770 appellavere.
927 1696 1095 1749 ceteruma

85 1785 196 1851 adhuc
212 1787 363 1850 aedificia
375 1786 591 1850 Numidarum
615 1791 802 1872 agrestium,
828 1808 912 1872 quae
928 1789 1073 1873 mapalia

85 1888 133 1953 illi
160 1899 297 1968 vocant,
334 1889 477 1973 oblonga
505 1892 650 1954 incurvis
678 1890 835 1955 lateribus
865 1901 953 1955 tecta
977 1893 1070 1975 quasi

85 1993 220 2057 navium
245 1993 376 2056 carinae
400 2002 482 2055 sunt.
507 1992 615 2056 Medis
639 2003 747 2056 autem
772 2003 803 2057 et
825 1992 991 2057 Armeniis
1015 2016 1093 2058 aas

87 2119 217 2161 cessere
245 2095 434 2182 Libyes-
458 2120 534 2160 nam
569 2099 598 2161 ei
632 2101 768 2182 propius
801 2120 892 2162 mare
915 2097 1069 2163 Africum

86 2197 271 2284 agitabant,
300 2199 431 2265 Gaetuli
456 2201 515 2265 sub
540 2201 608 2265 sole
631 2203 750 2284 magis,
774 2200 863 2264 haud
885 2202 1003 2285 procul
1026 2202 1067 2265 ab

86 2302 259 2368 ardoribus
283 2341 324 2348 —
348 2305 443 2388 eique
477 2315 603 2369 mature
639 2305 763 2390 oppida
792 2304 956 2386 habuere3
993 2330 1070 2370 nam

86 2407 171 2470 freto
207 2406 302 2470 divisi
334 2406 374 2470 ab
398 2407 561 2491 Hispania
594 2418 719 2472 mutare
753 2432 806 2473 res
840 2411 925 2473 inter
957 2433 991 2474 se
1019 2413 1069 2475 in-

86 2511 266 2574 stituerant.
291 2532 412 2574 nomen
436 2533 548 2574 eorum
570 2512 727 2595 paulatim
742 2513 866 2597 Libyes
891 2535 1107 2597 corruperam

84 2613 228 2677 barbara
253 2613 367 2697 lingua
389 2614 522 2677 Mauros
544 2637 604 2699 pro
629 2615 735 2679 Medis
760 2616 975 2700 appellantes.
1009 2617 1068 2681 sed
1080 2643 1104 2681 11

84 2738 138 2780 res
153 2717 329 2780 Persarum
351 2716 444 2780 brevi
469 2717 622 2795 adolevit,
647 2741 686 2783 ac
708 2728 824 2802 postea
847 2722 979 2783 nomine
1000 2721 1069 2783 Nu-

83 2819 193 2884 midae
226 2830 363 2904 propter
397 2820 638 2884 multitudinem
665 2845 685 2884 a
706 2822 898 2906 parentibus
931 2823 1069 2907 digressi

83 2923 264 3009 possedere
302 2946 341 2988 ea
377 2923 467 3002 loca,
512 2948 596 3009 quae
633 2948 796 3009 proxuma
834 2925 1067 3009 Carthaginem

83 3026 240 3091 Numidia
263 3027 456 3112 appellatur.
482 3028 601 3092 deinde
624 3031 753 3113 utrique
777 3029 887 3092 alteris
904 3029 979 3092 freti
995 3029 1103 3095 fini-12

82 3141 191 3194 tumes
209 3132 307 3193 armis
328 3141 384 3194 aut
406 3141 495 3194 metu
519 3130 578 3195 sub
601 3132 774 3215 imperium
799 3154 892 3194 suum
917 3153 1067 3215 coegere,

82 3255 205 3298 nomen
229 3233 433 3317 gloriamque
458 3233 519 3297 sibi
543 3233 717 3312 addidere,
752 3236 856 3317 magis
880 3235 920 3312 ei,
946 3237 1000 3319 qui
1026 3235 1069 3298 ad

80 3346 232 3400 nostrum
255 3359 344 3401 mare
367 3348 607 3421 processerant,
633 3340 709 3421 quia
724 3338 848 3421 Libyes
865 3360 963 3421 quam
982 3338 1069 3402 Gae-

79 3439 141 3505 tuli
174 3441 284 3503 minus
306 3439 471 3504 bellicosi.
508 3441 649 3525 denique
672 3440 808 3504 Africae
831 3464 909 3525 pars
932 3438 1070 3505 inferior

79 3544 241 3629 pleraque
266 3543 306 3607 ab
330 3542 483 3606 Numidis
512 3566 665 3628 possessa
694 3555 758 3623 est3
793 3545 871 3607 victi
900 3566 1014 3608 omnes
1036 3547 1071 3608 in
