2392 3952
139 186 180 251 28
376 185 528 237 BELLUM
547 184 743 235 CATILINAE
762 186 872 235 40-42.

110 367 248 451 4‘vobis,
274 376 299 437 si
323 374 420 437 modo
439 376 499 437 viri
516 397 586 438 esse
611 375 720 450 voltis,
744 376 904 438 rationem
930 379 1125 458 ostendam,

134 501 198 562 qua
220 489 312 542 tanta
334 481 395 542 ista
418 478 505 542 mala
529 477 709 562 effugiatis’.
734 477 816 542 haec
832 478 888 542 ubi
905 478 1003 559 dixit,
1031 482 1125 547 Allo·

132 582 252 665 broges
268 583 303 645 in
318 604 506 645 maxumam
527 604 618 666 spem
635 581 770 645 adducti
785 581 996 647 Umbrenum
1016 607 1122 664 orare,

132 699 167 749 ut
191 688 239 748 sui
267 687 491 748 misereretur:
526 683 605 747 nihil
633 695 699 748 tam
728 707 880 769 asperum
909 707 1024 769 neque
1055 699 1123 754 tam

134 788 268 852 difficile
293 810 373 865 esse,
403 788 491 871 quod
514 811 581 851 non
605 787 825 871 cupidissume
850 788 970 852 facturi
996 804 1121 872 essent,

134 892 210 955 dum
235 913 273 954 ea
296 914 348 954 res
374 893 538 955 civitatem
561 913 636 954 aere
660 891 766 955 alieno
790 890 954 956 liberaret
982 893 1043 958 ille
1064 919 1121 961 eos

110 998 166 1058 sin
191 994 323 1058 domum
347 994 389 1057 D.
414 994 506 1057 Bruti
530 993 691 1078 perducit,
717 994 804 1077 quod
829 994 901 1058 foro
924 1000 1120 1083 propinqua

132 1108 201 1161 erat
217 1120 324 1181 neque
342 1098 449 1161 aliena
471 1097 585 1160 consili
609 1106 745 1181 propter
768 1096 1014 1182 Semproniam:
1041 1124 1119 1166 nam

132 1211 199 1264 tum
223 1202 344 1264 Brutus
376 1201 416 1264 ab
441 1201 545 1264 Roma
574 1200 696 1264 aberat.
736 1210 907 1285 praeterea
931 1200 1117 1268 Gabinium

132 1306 280 1381 arcessit,
328 1328 391 1388 quo
430 1307 534 1367 maior
571 1308 748 1369 auctoritas
794 1306 935 1369 sermoni
977 1308 1115 1372 inesset.

108 1425 168 1470 reo
192 1418 365 1490 praesente
390 1410 648 1471 coniurationem
672 1412 790 1493 aperit,
820 1410 968 1472 nominat
992 1413 1115 1489 socios,

129 1520 301 1594 praeterea
334 1511 452 1574 multos
488 1513 644 1595 cuiusque
679 1513 807 1595 generis
841 1513 1009 1583 innoxios,
1051 1538 1115 1599 quo

129 1614 245 1697 legatis
275 1617 401 1678 animus
425 1613 564 1698 amplior
587 1627 686 1695 esset3
723 1614 842 1678 deinde
867 1637 922 1678 eos
945 1615 1116 1700 pollicitos

77 1723 110 1777 41
131 1739 265 1801 operam
297 1740 387 1780 suam
413 1716 545 1780 domum
570 1717 708 1781 dimittit.
749 1716 808 1780 sed
830 1716 1031 1802 Allobroges
1058 1721 1116 1784 diu

109 1822 163 1884 rin
185 1823 311 1884 incerto
339 1820 498 1899 habuere,
535 1820 691 1906 quidnam
721 1821 836 1885 consili
866 1832 1044 1904 caperent:
1082 1826 1117 1888 in

130 1925 232 1988 altera
248 1936 341 2008 parte
363 1937 433 1988 erat
457 1948 512 1989 aes
535 1926 686 2003 alienum,
712 1924 855 1988 studium
877 1923 965 2002 belli,
989 1948 1116 2012 magna

131 2050 257 2090 merces
279 2030 314 2091 in
338 2051 395 2112 spe
418 2031 591 2107 victoriae,
617 2040 650 2092 at
671 2032 705 2093 in
728 2028 830 2093 altera
853 2030 994 2092 maiores
1020 2052 1113 2114 opes,

107 2141 198 2192 stuta
223 2128 372 2207 consilia,
403 2153 463 2214 pro
488 2134 613 2194 incerta
637 2154 694 2215 spe
719 2142 808 2195 certa
830 2132 986 2216 praemia.
1026 2130 1114 2198 haec

129 2232 191 2295 illis
220 2231 428 2296 volventibus
459 2232 593 2297 tandem
615 2236 694 2297 vicit
718 2235 850 2298 fortuna
872 2236 918 2297 rei
941 2233 1112 2318 publicae.

106 2337 238 2418 sitaque
267 2335 306 2415 Q.
331 2333 435 2399 Fabio
467 2337 611 2420 Sangae,
648 2339 739 2400 cuius
772 2338 955 2420 patrocinio
991 2338 1113 2405 civitas

127 2437 313 2521 plurumum
336 2438 502 2517 utebatur,
534 2463 603 2504 rem
627 2454 771 2518 omnem,
801 2443 847 2504 uti
871 2455 1111 2524 cognoverant,

105 2543 286 2624 saperiunt.
313 2542 429 2606 Cicero
446 2565 506 2626 per
519 2542 662 2627 Sangam
687 2544 822 2608 consilio
841 2546 972 2628 cognito
988 2543 1113 2630 legatis

126 2646 309 2728 praecepit,
356 2655 392 2709 ut
430 2645 571 2710 studium
618 2650 850 2711 coniurationis
894 2647 1114 2719 vehementer

128 2746 287 2824 simulent,
314 2737 445 2812 ceteros
464 2749 594 2828 adeant,
618 2750 704 2814 bene
727 2750 945 2834 polliceantur
962 2749 1114 2837 dentque

128 2872 271 2934 operam,
296 2853 342 2914 uti
366 2874 421 2916 eos
439 2876 536 2936 quam
559 2877 713 2918 maxume
736 2854 927 2918 manifestos
941 2853 1111 2923 *habeant

73 2970 108 3024 42
227 2953 339 3017 Isdem
355 2955 426 3019 fere
442 2957 644 3041 temporibus
659 2960 693 3021 in
711 2957 821 3021 Gallia
839 2960 989 3022 citeriore
1005 2968 1111 3044 atque

125 3056 287 3135 ulteriore,
312 3060 389 3121 item
412 3061 445 3123 in
470 3083 549 3144 agro
566 3062 689 3125 Piceno
706 3061 834 3125 Bruttio
850 3061 973 3146 Apulia
994 3073 1108 3129 motus

102 3172 202 3224 rorat.
235 3184 377 3245 namquo
400 3160 455 3240 illi,
482 3186 563 3247 quos
586 3175 662 3228 ante
687 3165 828 3229 Catilina
853 3164 1028 3242 dimiserat,
1054 3168 1108 3231 in·

126 3264 272 3328 consulte
307 3288 345 3328 ac
381 3265 482 3329 veluti
518 3291 577 3352 per
613 3268 811 3333 dementiam
850 3277 969 3332 cuncta
1007 3270 1107 3336 simul

124 3364 280 3447 agebant,
305 3371 473 3432 nocturnis
490 3371 642 3449 consiliis,
668 3393 832 3435 armorum
848 3382 946 3455 atque
962 3371 1106 3439 telorum

122 3469 370 3552 portationibus,
388 3472 575 3538 festinando
592 3474 747 3559 agitando
762 3478 872 3538 omnia
887 3474 960 3558 plus
976 3479 1105 3543 timoris
