2392 3952
283 243 434 293 BELLUM
450 242 715 294 IUGURTHINUM
738 245 848 295 12-13.
1013 243 1053 308 61

73 431 305 497 referebantur
321 469 362 476 -
380 440 534 507 ceterum,
551 429 607 493 ubi
623 452 675 494 res
690 431 881 514 postularet,
899 454 933 494 se
949 433 1056 516 ipsum

72 558 151 599 eum
166 557 287 618 magna
308 556 407 596 manu
423 543 607 596 venturum.
632 531 776 596 Numida
791 533 948 598 mandata
962 533 1078 599 brevis

74 638 210 702 conficit
248 646 356 721 atque,
393 638 441 699 uti
475 635 592 699 doetus
629 647 706 713 erat,
746 646 846 699 noctu
878 636 1057 720 Iugurthae
1124 639 1125 643 ’

73 741 194 806 milites
217 739 404 804 introducit.
441 741 495 823 qui
518 749 692 823 postquam
715 741 750 803 in
773 738 863 802 aedis
892 741 1078 824 inruperat

75 845 200 909 divorsi
223 866 335 927 regem
359 864 525 927 quaerere,
545 841 747 906 'dormientis
771 842 861 920 alios,
898 843 978 906 alios
1002 866 1056 907 00-

76 948 239 1011 eursantis
272 946 466 1023 interficere,
503 948 640 1009 serutari
674 945 749 1009 loca
783 945 905 1024 abdita,
946 945 1058 1009 elausa

75 1051 263 1134 effringere,
288 1051 425 1134 strepitu
448 1058 480 1113 01
501 1049 642 1112 tumultu
666 1051 775 1113 omnia
797 1051 950 1112 miscere:
983 1071 1057 1113 011111

74 1155 207 1217 interim
243 1152 416 1236 Hiempsal
452 1154 613 1237 reperitur
647 1151 817 1215 occultans
855 1174 889 1215 se
927 1154 1056 1235 tugurio

73 1255 220 1320 mulieris
243 1254 392 1333 ancillae,
417 1277 481 1339 quo
504 1257 594 1318 initio
616 1254 757 1338 pavidus
782 1265 814 1319 et
835 1257 969 1339 ignarus
992 1255 1058 1319 loei

74 1359 277 1444 perfugerat.
301 1357 465 1421 Numidae
489 1368 588 1443 eaput
612 1360 691 1435 eius,
715 1360 762 1422 uti
785 1360 864 1422 iussi
888 1369 989 1436 erant,
1014 1357 1079 1428 adt

74 1460 269 1546 Iugurtham
292 1462 448 1525 referunt.
1065 1444 1136 1536 ,11071

183 1564 337 1629 Ceterum
353 1565 443 1627 fama
465 1566 547 1628 tanti
568 1565 724 1627 facinoris
746 1587 952 1650 peromnem
967 1564 1057 1629 Afri·
1074 1580 1109 1634 13

78 1691 153 1732 cam
175 1667 269 1731 brevi
299 1664 493 1751 divolgatur.
538 1666 762 1732 Adherbalem
787 1669 966 1752 omnisque,
1003 1669 1058 1752 qui
1101 1694 1104 1698 ⁴

78 1771 139 1835 sub
173 1772 310 1854 imperio
346 1771 506 1855 Micipsae
541 1771 680 1849 fuerant,
719 1782 824 1834 metus
857 1771 999 1850 invadit;
1023 1773 1059 1834 in

79 1874 161 1938 duas
183 1876 286 1958 partis
303 1873 477 1937 discedunt
492 1873 672 1937 Numidae:
707 1874 818 1958 plures
833 1872 1058 1937 Adherbalem

81 1988 272 2063 sequuntur,
311 1978 370 2040 sed
392 1977 483 2040 illum
506 1977 643 2040 alterum
666 1975 752 2040 bello
776 1976 937 2040 meliores.
960 1978 1080 2060 igiturr

77 2080 237 2166 Iugurtha
259 2103 357 2166 quam
371 2103 545 2144 maxumas
562 2090 671 2164 potest
695 2082 807 2164 copias
830 2088 943 2157 armat,
968 2078 1058 2142 urbis

78 2187 198 2270 partim
231 2185 274 2262 vi,
310 2183 390 2247 alias
426 2183 594 2247 voluntate
628 2185 765 2268 imperio
802 2206 859 2247 suo
899 2183 1056 2267 adiungit,

80 2289 169 2351 omni
191 2287 366 2351 Numidiae
389 2289 550 2371 imperare
571 2297 674 2371 parat.
719 2286 899 2365 Adherbal,
930 2289 1080 2351 tametsi⁸

79 2392 218 2455 Romam
240 2391 367 2475 legatos
389 2392 531 2467 miserat,
566 2392 621 2474 qui
656 2401 804 2454 senatum
836 2381 994 2472 docerent
1018 2390 1059 2453 de

80 2493 183 2558 caede
218 2494 327 2557 fratris
351 2503 383 2557 et
406 2494 545 2557 fortunis
569 2495 644 2570 suis,
679 2503 790 2556 tamen
814 2494 917 2556 fretus
951 2492 1058 2556 multi·

79 2596 193 2661 tudine
215 2596 354 2660 militum
377 2595 516 2681 parabat
538 2598 636 2659 armis
665 2597 874 2661 contendere.
921 2596 980 2660 sed
1003 2594 1080 2659 ubit

79 2722 132 2764 res
155 2699 199 2763 ad
223 2709 389 2764 0011011011
411 2702 510 2777 venit,
545 2701 653 2764 vietus
687 2723 730 2764 ex
764 2700 888 2784 proelio
912 2701 1059 2784 profugit

78 2805 113 2866 in
141 2805 346 2887 provinciam
375 2826 414 2867 ae
445 2802 564 2866 deinde
598 2802 736 2866 Romam
766 2803 944 2867 contendit.
990 2815 1081 2866 tu1n5

78 2904 237 2989 Iugurtha
259 2907 395 2989 patratis
420 2905 572 2986 consiliis,
611 2914 786 2989 postquam
817 2906 921 2968 omnis
944 2905 1057 2967 Numi-

80 3008 153 3073 diae
176 3007 371 3093 potiebatur,
407 3010 440 3071 in
468 3009 532 3071 0110
563 3008 692 3071 facinus
720 3030 813 3071 suum
845 3030 919 3070 eum
950 3008 1057 3070 animo

79 3122 236 3196 reputans
256 3113 370 3175 timere
386 3111 545 3195 populum
560 3111 745 3174 Romanurn
768 3133 876 3194 neque
899 3109 1059 3173 advorsus

80 3219 161 3280 iram
199 3217 268 3279 eius
301 3238 439 3299 usquam
473 3216 534 3278 nisi
568 3216 602 3278 111
640 3217 776 3278 avaritia
814 3212 992 3276 nobilitatis
1027 3222 1059 3276 et

81 3321 222 3405 pecunia
256 3340 314 3381 sua
348 3341 440 3402 spem
473 3316 605 3381 habere.
652 3319 762 3402 itaque
796 3318 911 3400 paucis
943 3315 1081 3380 diebuss

82 3446 156 3487 eum
185 3444 264 3486 auro
296 3431 328 3485 01
350 3430 486 3505 argento
509 3420 612 3484 multo
636 3422 774 3484 Romam
803 3420 929 3504 legatos
952 3422 1057 3497 mittit,

81 3528 152 3611 quis
185 3528 356 3611 praecipit,
391 3527 531 3609 primum
565 3526 611 3587 uti
640 3534 769 3587 veteres
799 3525 922 3587 amieos
945 3547 1059 3587 mune-
