2392 3952
335 239 486 291 BELLUM
505 237 703 289 CATILINAE
722 240 763 288 ⁶2.
996 237 1036 300 41

53 431 232 515 imperium
247 427 361 512 populi
377 429 516 492 Romani
533 430 582 506 sit,
607 426 666 490 sed
685 427 778 505 haec,
804 429 1037 511 cuiuscumque

52 532 149 597 modi
172 533 334 611 videntur,
369 544 481 596 nostra
516 555 558 596 an
592 531 765 595 nobiseum
798 554 865 595 uua
898 529 1038 594 hostium

58 637 171 700 futura
194 637 266 699 sint.

161 739 226 802 Hie
250 737 327 802 mihi
351 741 522 823 quisquam
550 736 835 801 mansuetudinem
859 747 891 801 et
913 738 1072 800 miseri-11

56 830 206 907 cordiam
235 843 391 906 nominat.
437 843 502 905 iam
530 840 659 926 pridem
687 840 839 926 equidem
869 863 929 904 nos
959 863 1039 904 vera

54 944 223 1010 voeabula
244 968 353 1009 rerum
376 946 556 1008 amisimus:
587 945 664 1028 quia
685 942 774 1007 bona
796 944 905 1007 aliena
926 943 1038 1028 largiri

55 1048 246 1126 liberalitas,
281 1047 440 1111 malarum
474 1069 583 1111 rerum
618 1046 758 1109 audacia
792 1045 949 1115 fortitudo
980 1069 1038 1110 vo-

56 1162 161 1230 catur,
186 1175 224 1215 eo
248 1150 450 1235 respublica
473 1152 506 1214 in
523 1160 669 1214 extremo
695 1150 756 1212 sita
779 1157 836 1212 est.
862 1151 926 1212 sint
949 1171 1037 1227 sane,
1049 1170 1073 1208 n

55 1259 214 1342 quoniam
229 1258 276 1320 ita
292 1278 326 1319 se
345 1278 453 1318 mores
476 1254 607 1333 habent,
631 1253 785 1318 liberales
809 1276 852 1317 ex
875 1254 1038 1317 sociorum

57 1360 210 1437 fortunis,
235 1361 298 1422 sint
321 1358 549 1422 misericordes
573 1360 607 1422 in
631 1357 758 1421 furibus
783 1359 903 1422 aerari:
928 1379 970 1421 ne
993 1357 1039 1420 illi

57 1465 254 1547 sanguinem
270 1472 415 1526 nostrum
431 1461 613 1545 largiantur
628 1470 669 1539 et,
695 1460 773 1525 dum
796 1463 911 1546 paucis
936 1460 1038 1524 scele-

54 1569 136 1631 ratis
158 1575 308 1650 parcunt,
332 1565 437 1628 bonos
462 1567 567 1628 onmis
589 1564 754 1649 perditum
779 1574 863 1628 eant.
896 1563 983 1628 bene
1007 1575 1073 1628 et1³

58 1672 240 1754 composite
265 1669 302 1733 O.
328 1668 451 1733 Caesar
480 1667 577 1753 paulo
609 1678 685 1732 ante
708 1671 742 1734 in
769 1669 833 1732 hoc
857 1668 973 1732 ordine
998 1666 1039 1730 de

55 1776 127 1838 vita
151 1783 183 1837 et
205 1782 309 1837 morte
334 1773 493 1851 disseruit,
532 1772 630 1837 credo
656 1773 741 1838 falsa
764 1775 965 1837 existumans
990 1793 1038 1848 ea,

56 1900 143 1964 quae
168 1877 209 1940 de
231 1877 346 1941 inferis
369 1887 600 1954 incinerantur,
641 1876 772 1940 divorso
797 1878 912 1939 itinere
935 1873 1039 1938 malos

56 2005 78 2046 a
101 1980 194 2045 bonis
216 1980 291 2044 loca
313 1990 418 2044 taetra
433 1978 556 2045 inculta
580 1979 680 2043 foeda
703 1990 800 2064 atque
824 1976 1039 2042 formidulosa

55 2085 189 2151 habere.
217 2087 327 2169 itaque
352 2085 478 2148 censuit
500 2085 660 2168 pecunias
677 2106 789 2147 eorum
810 2080 1037 2168 publicandas,
1049 2099 1073 2136 14

55 2191 149 2275 ipsos
171 2211 232 2274 per
254 2189 483 2272 municipium
508 2186 664 2250 custodiis
679 2186 860 2265 habendos,
886 2185 1041 2250 videlicet

58 2297 188 2370 timone,
223 2315 274 2370 ne,
300 2293 326 2353 si
349 2292 473 2354 Romae
498 2293 570 2368 sint,
602 2300 658 2354 aut
681 2314 700 2354 a
723 2289 937 2375 popularibus
960 2312 1039 2352 eou-

59 2397 231 2461 iurationis
255 2406 310 2460 aut
333 2419 353 2459 a
381 2395 587 2459 multitudine
613 2395 777 2459 conducta
804 2395 954 2479 pervim
978 2395 1039 2456 eri·

58 2503 205 2585 piantur:
230 2501 419 2584 quasivero
444 2498 520 2561 mali
545 2508 642 2582 atque
667 2497 796 2562 scelesti
812 2496 1073 2561 tantu1nmod01⁵

59 2605 95 2666 in
118 2602 199 2667 urbe
223 2612 255 2666 et
278 2624 345 2666 non
368 2624 428 2686 per
451 2611 552 2664 totam
574 2599 704 2664 Italiam
727 2603 799 2679 sint,
826 2611 971 2664 autnon
994 2601 1040 2665 ibi

57 2705 133 2791 plus
167 2707 270 2790 possit
309 2704 457 2782 audacia,
498 2704 552 2768 ubi
592 2703 635 2767 ad
674 2703 924 2768 defendundum
960 2727 1039 2790 opes

57 2811 202 2873 minores
226 2818 309 2872 sunt.
343 2830 442 2892 quare
466 2831 588 2871 vanum
604 2807 758 2892 equidem
780 2807 843 2872 hoc
868 2807 1039 2871 consilium
1050 2821 1074 2861 1⁸

59 2921 117 2991 est,
143 2915 168 2976 si
191 2912 373 2997 perieulum
398 2934 439 2975 ex
456 2911 517 2974 illis
534 2914 648 2974 metuit
656 2932 663 2992 3
688 2913 714 2974 si
730 2912 763 2974 in
787 2921 877 2976 tanto
896 2912 1039 2974 omnium

57 3025 148 3081 metu
182 3017 269 3081 solus
304 3039 370 3080 non
404 3018 504 3093 timet,
541 3038 578 3079 eo
603 3017 707 3099 magis
741 3015 843 3078 refert
876 3037 928 3080 me
962 3013 1040 3077 mihi

59 3130 158 3205 atque
195 3118 289 3184 vobis
327 3122 450 3183 timere.
497 3141 598 3203 quare
638 3141 711 3182 cum
750 3118 791 3182 de
825 3119 862 3181 P.
897 3116 1038 3180 Lentulo
1051 3130 1074 3169 1⁷

59 3225 243 3308 ceterisque
278 3224 435 3300 statuetis,
474 3245 533 3307 pro
560 3231 649 3285 certo
673 3221 827 3285 habetote
862 3242 920 3283 vos
944 3219 1040 3282 simul

61 3325 104 3390 de
128 3327 276 3390 exercitu
300 3325 461 3390 Cartiliuae
485 3334 517 3388 ct
541 3324 582 3389 de
606 3324 757 3388 omnibus
782 3325 959 3387 coniuratis
983 3323 1039 3386 de·

60 3452 206 3494 eernere.
253 3440 374 3514 quanto
398 3452 458 3493 ros
482 3430 636 3492 intentius
661 3450 700 3491 ea
724 3428 836 3511 agetis,
861 3436 952 3490 tanto
976 3426 1039 3490 illis
1050 3440 1074 3480 ¹⁸

58 3535 188 3597 animus
203 3533 362 3597 infirmior
378 3534 452 3597 erit:
478 3534 504 3595 si
520 3531 654 3616 paulum
676 3529 774 3593 modo
799 3552 858 3594 vos
881 3531 1038 3616 languere

59 3636 212 3715 viderint,
237 3638 301 3700 iam
326 3658 438 3700 omnes
462 3637 592 3699 feroces
616 3634 767 3698 aderunt.
