2392 3952
171 250 213 315 36
444 248 596 300 nenton
614 247 811 300 carinum
830 250 871 299 ω.

171 440 320 504 facinora
343 440 508 516 fecissent,
544 461 723 523 numquam
756 439 818 523 ipsi
851 435 912 523 per
940 441 1153 503 occasionem

150 544 249 610 talia
272 544 397 608 fecere:
433 544 547 626 magis,
587 541 666 627 quid
690 563 724 605 se
748 541 883 626 dignum
906 543 1000 619 foret,
1040 564 1151 626 quam,

148 646 251 732 aquid
273 649 306 710 in
329 646 402 709 illos
425 647 494 709 iure
510 646 581 709 fieri
603 655 724 729 posset,
750 645 961 729 quaerebant.
984 644 1048 709 hoc
1071 649 1153 710 item

170 749 265 814 vobis
287 747 529 834 providendum
554 759 611 826 est,
645 758 756 832 patres
788 751 975 833 conscripti,
1010 772 1051 813 ne
1075 749 1153 833 plus

171 853 260 938 apud
294 875 352 916 vos
386 852 496 915 valeat
530 851 566 914 P.
591 850 724 914 Lentuli
759 861 790 914 et
825 861 1008 914 ceterorum
1042 851 1153 916 scelus

172 978 270 1041 quam
292 965 403 1018 vostra
420 953 573 1038 dignitas,
597 976 662 1017 neu
678 957 782 1038 magis
805 957 873 1018 irae
896 965 1026 1018 vostrae
1051 978 1153 1039 quam

147 1059 279 1122 efamae
304 1057 489 1122 consulatis.
525 1080 602 1121 nam
633 1060 660 1120 si
695 1056 795 1142 digna
817 1080 926 1142 poena
960 1081 1019 1142 pro
1052 1059 1154 1122 factis

171 1184 284 1226 eorum
320 1163 490 1246 reperitur,
531 1184 654 1224 novum
692 1161 863 1224 consilium
898 1161 1060 1246 approbo;
1101 1165 1153 1225 sin

169 1264 360 1349 magnitudo
393 1265 526 1329 sceleris
552 1268 697 1329 omnium
719 1267 852 1350 ingenia
882 1277 1067 1350 exsuperat,
1104 1269 1154 1329 eis

169 1365 330 1430 utundum
355 1389 484 1444 cense0‚
510 1390 596 1451 quae
618 1367 747 1451 legibus
772 1378 962 1452 comparata
986 1379 1068 1431 sunt.

147 1492 160 1532 c
273 1470 426 1554 Plerique
450 1492 571 1548 eorum,
603 1472 657 1554 qui
680 1480 755 1533 ante
779 1492 831 1534 me
855 1473 1032 1534 sententias
1057 1471 1152 1536 dixe-

169 1583 253 1650 runt,
279 1575 458 1658 composite
476 1584 575 1658 atque
591 1574 766 1659 magnifice
791 1596 902 1637 casum
926 1577 973 1638 rei
995 1575 1153 1659 publicae

169 1678 313 1740 miserati
336 1687 425 1757 sunt3
456 1699 540 1761 quae
564 1677 642 1741 belli
666 1678 802 1741 saevitia
825 1688 919 1756 esset,
945 1701 1028 1763 quae
1052 1681 1151 1742 victis

169 1780 369 1859 acciderent,
395 1803 644 1844 enumeravere:
683 1783 755 1866 rapi
778 1783 922 1865 virgines
944 1804 1075 1866 pueros
1101 1781 1152 1846 di-

170 1883 247 1947 velli
269 1883 390 1948 liberos
413 1906 434 1947 a
455 1894 632 1969 parentum
656 1885 841 1969 complexu,
864 1896 986 1949 matres
1009 1885 1151 1950 familia-

168 2011 241 2051 rum
263 1990 341 2072 pati,
366 2010 450 2072 quae
472 1988 653 2052 victoribus
677 1989 920 2066 collubuissent,
945 1989 1025 2052 fana
1048 1998 1149 2072 atque

169 2089 283 2154 domos
322 2079 464 2175 spoliari,
501 2091 637 2155 caedem
671 2091 826 2155 incendia
862 2092 942 2170 fieri,
980 2102 1148 2174 postremo

169 2195 267 2256 armis
291 2192 508 2257 cadaveribus
544 2217 658 2257 cruore
683 2204 780 2278 atque
799 2195 889 2258 luctu
925 2196 1033 2258 omnia
1057 2217 1149 2259 com-

135 2295 261 2380 repleri.
287 2295 354 2374 sed,
378 2318 439 2380 per
462 2296 542 2360 deos
558 2296 759 2374 immortalis,
785 2319 848 2381 quo
864 2297 921 2360 illa
945 2300 1046 2360 oratio
1071 2321 1150 2379 per-

167 2398 285 2463 tinuit?
330 2422 373 2462 an
405 2402 451 2463 uti
485 2423 545 2463 vos
579 2400 717 2463 infestos
753 2401 969 2463 coniurationi
997 2400 1151 2467 faceret?

169 2503 304 2580 scilicet,
329 2525 426 2587 quem
441 2526 494 2567 res
517 2513 609 2566 tanta
625 2512 657 2566 et
679 2513 746 2566 tam
769 2512 864 2566 atrox
887 2525 954 2567 non
972 2509 1148 2588 permovit,

134 2626 158 2663 11
169 2628 244 2670 eum
268 2608 370 2670 oratio
395 2606 565 2670 accendet.
611 2629 678 2670 non
701 2608 747 2670 ita
769 2616 827 2684 est,
862 2629 970 2692 neque
995 2609 1150 2692 cuiquam

168 2709 353 2772 mortalium
376 2710 513 2773 iniuriae
530 2732 608 2774 suae
630 2733 754 2795 parvae
777 2710 944 2775 videntur:
975 2712 1068 2775 multi
1092 2736 1150 2777 eas

134 2816 301 2898 agrarius
325 2836 429 2899 aequo
452 2813 608 2879 habuere.
644 2814 703 2880 sed
726 2816 791 2880 alia
824 2816 896 2879 aliis
930 2816 1063 2879 licentia
1087 2829 1149 2895 est,

167 2928 279 3002 patres
317 2919 503 3003 conscripti.
544 2921 598 3003 qui
634 2919 765 2983 demissi
799 2921 833 2982 in
871 2919 1010 2983 obscuro
1045 2922 1149 2985 vitam

168 3020 300 3098 habent,
337 3023 363 3085 si
387 3021 465 3106 quid
488 3022 660 3086 iracundia
684 3021 861 3107 deliquere,
896 3026 994 3108 pauci
1030 3025 1149 3103 sciunt,

168 3125 258 3188 fama
281 3134 379 3208 atque
410 3126 543 3189 fortuna
567 3148 679 3189 eorum
701 3148 798 3210 pares
823 3137 911 3189 sunt:
948 3129 1002 3211 qui
1025 3149 1147 3210 magno

168 3227 304 3310 imperio
338 3226 479 3311 praediti
502 3229 536 3291 in
560 3228 692 3292 excelso
724 3238 864 3292 aetatem
888 3239 998 3313 agunt,
1035 3250 1150 3293 eorum

134 3330 259 3392 efacta
282 3331 391 3394 cuncti
414 3331 568 3394 mortales
591 3354 723 3396 novere.
769 3335 814 3396 ita
836 3334 869 3395 in
902 3355 1056 3396 maxuma
1080 3333 1149 3396 for-

168 3442 248 3496 tuna
281 3435 426 3497 minuma
458 3434 591 3498 licentia
627 3445 690 3516 est;
729 3457 836 3519 neque
871 3435 1001 3498 studere
1039 3458 1150 3520 neque

135 3534 287 3611 nodisse,
324 3536 381 3600 sed
405 3538 549 3602 minume
573 3538 670 3602 irasci
694 3538 798 3602 decet.
846 3560 929 3622 quae
953 3537 1041 3622 apud
1065 3538 1149 3603 alios
