2392 3952
135 205 175 270 18
370 201 522 255 BELLUM
540 202 738 253 CATILINAE
757 204 866 253 at-at.

143 392 276 478 probae,
301 392 403 455 multa
420 392 492 469 alia,
519 414 602 476 quae
625 393 840 454 instrumenta
862 391 1020 456 luxuriae
1049 404 1137 458 sunt.

122 497 202 561 esed
235 499 263 560 ei
294 498 421 560 cariora
455 517 584 578 semper
619 496 727 559 omnia
762 516 859 578 quam
896 493 999 557 decus
1036 505 1140 580 atque

144 599 304 685 pudicitia
333 601 408 680 fuit,
443 601 603 684 pecuniae
628 621 669 662 an
693 598 801 661 famae
830 599 936 660 minus
966 610 1140 680 parceret,

123 704 233 768 rhaud
268 705 365 768 facile
401 704 614 768 discerneres,
661 725 700 767 ea
724 725 822 786 saepe
855 699 1000 765 antehac
1035 702 1141 768 fidem

146 807 352 892 prodiderat,
389 806 549 871 creditum
583 805 807 881 abiuraverat,
847 803 958 868 caedis
997 809 1143 871 conscia

147 911 270 974 fuerat:
321 909 451 973 luxuria
493 920 590 993 atque
633 910 746 991 inopia
790 928 949 991 praeceps
995 906 1140 973 abierat.

127 1034 262 1078 sverum
286 1015 455 1098 ingenium
479 1015 547 1076 eius
570 1011 659 1075 haud
676 1011 870 1075 absurdum:
901 1032 1001 1094 posse
1018 1035 1144 1078 versus

149 1117 270 1193 facere,
295 1117 404 1180 iocum
428 1139 569 1194 movere,
595 1136 746 1179 sermone
766 1117 812 1178 uti
827 1114 880 1178 vel
904 1114 1061 1180 modesto
1088 1117 1142 1182 vel

150 1219 239 1282 molli
263 1219 316 1282 vel
339 1220 487 1302 procaci:
523 1241 655 1302 prorsus
686 1217 808 1282 multae
831 1218 972 1281 facetiae
996 1218 1141 1284 multus-

152 1345 216 1407 que
240 1323 332 1406 lepos
356 1324 470 1385 inerat.

104 1452 139 1506 2⁶
255 1427 317 1488 His
352 1424 450 1488 rebus
485 1427 682 1509 comparatis
716 1425 857 1489 Catilina
890 1423 991 1488 nihilo
1027 1429 1143 1491 minus

53 1539 132 1631 imo?
152 1531 185 1593 in
209 1551 406 1613 proxumum
438 1551 559 1591 annum
591 1528 796 1592 consulatum
827 1525 960 1612 petebat
987 1549 1143 1612 sperans,

69 1622 73 1631 ⁸
122 1621 178 1695 ¹si
203 1632 392 1715 designatus
420 1632 514 1708 foret,
550 1632 648 1694 facile
673 1654 706 1694 sc
731 1654 773 1694 ex
797 1629 964 1694 voluntate
987 1629 1142 1697 Antonio

153 1758 296 1799 usurum.
332 1757 439 1819 neque
470 1736 595 1798 interea
626 1736 754 1818 quietus
779 1743 857 1810 erat,
893 1731 951 1795 sed
982 1734 1144 1799 omnibus

130 1842 259 1906 amodis
295 1839 430 1906 insidias
461 1837 600 1924 parabat
624 1838 787 1902 Ciceroni.
822 1858 929 1920 neque
954 1834 1002 1900 illi
1025 1845 1144 1903 tamen

129 1946 199 2009 ³ad
225 1945 409 2008 cavendum
440 1943 534 2008 dolus
565 1953 620 2008 aut
651 1944 788 2006 astutiae
813 1942 957 2005 deerant.
992 1962 1144 2028 namque

157 2072 176 2110 a
207 2049 368 2131 principio
408 2046 596 2111 consulatus
632 2049 680 2109 sui
715 2046 816 2109 inulta
853 2043 1042 2128 pollicendo
1082 2070 1145 2131 per

155 2150 308 2213 Fulviam
334 2150 497 2226 effecerat,
524 2160 557 2212 ut
574 2150 614 2228 Q.
633 2150 760 2225 Carine,
786 2148 827 2211 de
850 2171 912 2232 quo
937 2145 1035 2231 paulo
1061 2162 1144 2215 ante

134 2255 344 2330 tmemoravi,
371 2253 508 2316 consilia
532 2251 693 2316 Catilinae
718 2251 778 2314 sibi
804 2250 975 2335 proderct3
1008 2250 1053 2314 ad
1077 2252 1145 2319 hoc

156 2356 318 2439 collegam
347 2380 441 2420 suurn
463 2355 644 2420 Antonium
671 2357 825 2440 pactione
848 2355 1040 2440 provinciae
1064 2378 1145 2440 per-

155 2459 293 2544 pulerat,
331 2484 373 2524 ne
398 2471 512 2523 contra
540 2483 608 2524 rem
638 2459 803 2544 publicam
828 2461 976 2537 sentiret,
1014 2459 1144 2524 circum

158 2586 192 2625 sc
230 2563 395 2647 praesidia
439 2566 619 2627 amicorum
658 2574 755 2648 atquc
794 2563 961 2626 clientium
1008 2564 1145 2628 occulte

43 2678 119 2720 Juliffl
133 2681 145 2719 ⁵
159 2665 312 2730 habebat.
337 2678 511 2751 postquam
525 2666 594 2730 dies
612 2669 815 2730 comitiorum
828 2668 918 2730 venit
931 2674 963 2729 et
976 2664 1146 2733 Catilinae

157 2792 264 2854 neque
276 2772 390 2853 petitio
405 2794 511 2854 neque
525 2770 673 2848 insidiae,
690 2793 770 2854 quas
781 2769 1145 2855 consulibusincampo

156 2875 290 2950 fecerat,
326 2896 484 2958 prospere
514 2897 651 2952 cessere,
689 2873 855 2938 constituit
878 2871 1001 2936 bellum
1027 2871 1146 2941 facere

159 2989 190 3042 et
213 2986 362 3041 extrema
386 2979 495 3040 omnia
518 2980 670 3062 experiri,
703 2978 866 3062 quoniam,
899 2999 984 3060 quac
1008 2979 1145 3045 occulte

111 3091 145 3144 27
158 3090 389 3165 temptaverat,
436 3102 552 3163 aspera
594 3080 759 3164 foedaque
806 3089 993 3143 evenerant.
1040 3080 1146 3162 igitur

100 3194 111 3212 ⁶
157 3183 193 3248 C.
208 3183 367 3248 Manlium
383 3181 542 3247 Faesulas
566 3193 664 3267 atque
687 3185 810 3247 ineam
833 3193 960 3266 partem
975 3183 1143 3264 Etruriae,

156 3285 351 3371 Septimium
376 3283 540 3372 quendam
563 3285 749 3351 Camertem
772 3288 805 3350 in
829 3308 944 3370 agrum
967 3285 1144 3370 Picenum,

157 3389 194 3454 C.
217 3390 340 3455 Iulium
362 3393 397 3458 in
412 3388 567 3475 Apuliam
592 3388 721 3467 dimisit,
745 3399 916 3474 praeterea
940 3387 1039 3451 alium
1063 3389 1142 3472 alic,

133 3515 254 3578 aquem
269 3493 395 3580 ubique
412 3502 631 3581 opportunum
656 3491 804 3556 sibilare
824 3490 989 3555 credebat.
1014 3491 1144 3562 interca
