2392 3952
326 236 478 287 BELLUM
496 234 693 285 CATILINAE
713 237 823 287 58-59.
1022 237 1064 299 49

73 427 212 506 viderit,
247 434 364 492 cavete
398 425 491 489 inulti
525 427 667 488 animam
701 427 855 489 amittatis
890 447 955 488 neu
978 428 1065 509 capti

80 533 193 619 potius
209 533 304 596 sicuti
320 552 442 615 pecora
464 528 683 606 trucidemini,
701 550 799 613 quam
815 530 959 592 virorum
974 551 1066 592 more

82 644 272 722 pugnantes
297 640 466 697 cruentam
489 641 587 716 atque
609 631 792 695 luctuosam
815 632 988 695 victoriam
1008 630 1066 695 ho·

83 739 188 804 stibus
211 737 424 822 relinquatis.’

188 893 283 956 Haec
306 891 363 957 ubi
387 890 479 968 dixit,
514 889 684 976 paululum
719 901 939 954 commoratus
974 892 1067 974 signa
1084 903 1119 956 59

83 1017 207 1061 canere
241 994 332 1059 iubet
365 1003 464 1078 atque
501 995 677 1057 instructos
716 994 848 1057 ordines
885 995 920 1056 in
956 993 1066 1056 locum

83 1104 229 1185 aequum
252 1096 395 1162 deducit.
432 1095 508 1160 dein
530 1098 663 1159 remotis
698 1098 842 1160 omnium
867 1099 968 1181 equis
1000 1118 1063 1181 quo

83 1200 243 1266 militibus
271 1209 454 1285 exaequato
482 1200 628 1284 periculo
658 1201 785 1263 animus
809 1199 948 1284 amplior
971 1210 1066 1276 esset,

66 1308 157 1391 'ipse
179 1302 283 1389 pedes
307 1304 488 1367 exercitum
510 1325 569 1387 pro
586 1302 660 1366 loco
678 1314 775 1388 atque
800 1305 904 1388 copiis
926 1305 1065 1367 instruit.

87 1392 166 1473 nam
190 1409 237 1470 uti
259 1405 412 1492 planities
436 1415 506 1469 erat
527 1407 613 1468 inter
647 1408 794 1470 sinistros
816 1408 935 1470 montis
970 1416 1002 1469 et
1026 1406 1089 1470 ab2

88 1511 229 1575 dextera
264 1531 380 1594 rupem
414 1531 573 1594 asperam,
614 1518 687 1572 octo
712 1508 854 1572 cohortis
887 1511 922 1571 in
960 1509 1067 1572 fronte

87 1614 265 1690 constituit,
302 1612 501 1697 reliquarum
526 1613 619 1696 signa
637 1614 671 1675 in
695 1612 839 1676 subsidio
876 1614 976 1676 artius
1001 1613 1067 1676 col-

85 1717 186 1782 locat.
210 1714 252 1781 ab
278 1717 324 1779 eis
349 1716 556 1778 centuriones
581 1717 694 1793 omnis,
718 1716 822 1780 lectos
846 1725 878 1779 et
902 1726 1089 1793 evocatos,3

86 1829 262 1904 praeterea
285 1840 328 1881 ex
351 1819 508 1901 gregariis
532 1818 687 1882 militibus
712 1828 880 1903 optumum
905 1840 1068 1902 quemque

86 1931 250 1986 armatum
278 1923 313 1984 in
341 1923 480 2005 primam
503 1922 608 1983 aciem
640 1920 801 1985 subducit.
849 1919 885 1984 O.
910 1921 1068 1983 Manlium

87 2030 122 2091 in
148 2026 274 2104 dextra,
309 2023 532 2088 Faesulanum
555 2024 720 2109 quendam
753 2027 788 2089 in
823 2027 952 2088 sinistra
974 2034 1068 2108 parte

89 2151 206 2194 curare
227 2127 334 2209 iubet,
358 2130 428 2213 ipse
454 2150 528 2191 cum
543 2127 669 2191 libertis
693 2140 724 2192 ct
748 2129 918 2192 calonibus
934 2141 1069 2212 propter

88 2231 234 2318 aquilam
269 2229 404 2308 adsistit,
440 2252 537 2314 quam
570 2230 657 2294 bello
689 2231 853 2295 Cimbrico
885 2232 921 2294 (l.
946 2233 1069 2295 llarius

88 2339 124 2400 in
148 2336 296 2399 exercitu
318 2332 471 2397 habuisse
497 2333 677 2397 dicebatur.

192 2490 237 2554 At
261 2511 304 2553 ex
319 2489 422 2554 altera
444 2499 537 2574 parte
562 2489 598 2553 O.
615 2488 779 2553 Antonius
802 2490 943 2575 pedibus
960 2503 1091 2575 aeger,4

89 2592 182 2678 quod
215 2593 340 2678 proelio
376 2591 492 2656 adesse
525 2592 691 2677 nequibat,
727 2595 771 2657 M.
795 2595 925 2659 Petreio
959 2596 1068 2681 legato

93 2699 276 2762 exercitum
309 2698 475 2780 permittit.
521 2695 575 2759 ille
612 2695 753 2760 cohortis
781 2707 964 2775 veteranas,
988 2713 1091 2783 quas⁵

91 2800 249 2888 tumultus
278 2822 378 2864 causa
413 2803 661 2884 conscripserat,
695 2804 730 2864 in
754 2803 871 2881 fronte,
906 2813 982 2887 post
1016 2825 1071 2865 eas

91 2913 238 2968 ceterum
275 2904 456 2966 exercitum
489 2905 523 2965 in
558 2903 710 2966 subsidiis
743 2905 846 2986 locat3
881 2908 951 2990 ipse
987 2928 1070 2989 equo

91 3009 288 3071 circumiens
322 3029 588 3090 unumquemque
622 3009 794 3072 nominans
830 3009 975 3094 appellat
996 3007 1071 3071 hor-

90 3119 178 3173 tatur
199 3117 304 3193 rogat,
340 3117 376 3172 ut
408 3110 615 3172 meminerint
650 3132 684 3173 se
709 3121 823 3174 contra
844 3110 988 3175 latrones
1022 3114 1071 3174 in-

92 3206 199 3276 ermos
221 3234 281 3297 pro
305 3213 421 3296 patria,
456 3234 516 3296 pro
540 3212 660 3291 liberis,
694 3237 754 3298 pro
779 3216 842 3276 aris
866 3224 964 3299 atque
988 3215 1071 3279 focis

92 3317 158 3380 suis
187 3325 322 3379 certare.
367 3315 464 3378 homo
493 3314 649 3394 militaris,
682 3317 771 3401 quod
799 3318 938 3401 amplius
968 3336 1092 3382 aurose

90 3421 225 3504 triginta
258 3418 408 3484 tribunus
448 3429 504 3482 aut
536 3419 724 3503 praefectus
760 3430 815 3482 aut
852 3420 978 3504 legatus
1017 3432 1072 3485 aut

89 3532 225 3609 praetor
248 3545 322 3586 cum
345 3544 467 3607 magna
496 3523 655 3606 gloriam
679 3524 830 3586 exercitu·
850 3523 966 3604 fuerat,
1001 3524 1070 3611 ple·

146 3641 232 3683 Sallust.
961 3648 982 3693 ι,
998 3652 1151 3734 ·-
