2392 3952
306 242 457 293 BELLUM
478 242 675 292 CATILINAE
694 243 803 292 36-37.
1003 240 1045 304 25

168 433 217 494 Ea
240 442 434 516 tempestate
464 431 541 495 mihi
569 433 741 516 imperium
768 431 881 516 populi
904 432 1068 495 Romanis

64 535 167 599 multo
196 558 350 599 maxume
378 534 564 599 miserabile
594 538 699 599 visum
729 546 786 599 est.
827 537 878 599 eui
905 559 979 600 oum
1003 535 1045 599 ad

65 660 220 703 oooasum
237 639 277 702 ab
296 649 368 702 ortu
385 638 460 702 solis
481 641 590 703 omnia
614 639 737 703 domita
760 642 857 703 armis
880 649 1044 722 parerent,

65 741 155 804 domi
190 744 290 805 otium
325 752 422 825 atque
458 742 605 821 divitiae,
641 765 725 827 quae
755 744 860 827 prima
890 741 1046 806 mortales

63 855 196 930 putant,
232 845 428 923 adfluerent,
464 847 556 910 fuere
586 857 696 909 tamen
725 847 828 923 cives,
864 847 920 930 qui
945 867 1046 929 seque

64 971 201 1032 remque
232 947 398 1032 publicam
428 948 598 1012 obstinatis
622 951 738 1013 animis
760 948 926 1033 perditum
950 950 1044 1011 irent.

65 1075 208 1136 namque
227 1051 355 1114 duobus
379 1053 482 1115 senati
507 1052 648 1114 deeretis
666 1074 708 1114 ex
723 1061 815 1115 tanta
837 1050 1066 1114 multitudines

66 1177 175 1238 neque
205 1157 350 1239 praemio
381 1154 535 1218 inductus
560 1156 818 1218 coniurationem
840 1154 1046 1238 patefecerat

63 1281 173 1342 neque
204 1281 246 1321 ex
277 1260 391 1321 eastris
416 1257 576 1321 Catilinae
609 1259 780 1341 quisquam
808 1258 953 1320 omnium
979 1255 1044 1319 dis-

65 1371 222 1424 cesserat:
250 1370 342 1424 tanta
364 1363 413 1423 vis
436 1359 541 1425 morbi
565 1383 603 1424 ao
627 1361 727 1424 veluti
750 1359 843 1424 tabes
866 1359 1043 1445 plerosque

65 1466 186 1527 nivium
214 1466 340 1527 animos
369 1466 543 1527 invaserat.
578 1486 685 1548 neque
715 1464 820 1527 solum
848 1462 911 1526 illis
935 1463 1044 1527 aliena
1061 1469 1097 1525 37

65 1590 158 1630 mens
188 1575 270 1644 erat,
307 1569 361 1650 qui
386 1568 509 1630 oonsoii
541 1568 774 1630 coniurationis
801 1566 948 1643 fuerant,
984 1564 1043 1628 sed

63 1673 195 1734 omnino
225 1680 343 1733 ounota
366 1669 479 1754 plebes
503 1692 663 1733 novarum
687 1692 794 1734 rerum
819 1668 926 1733 studio
953 1668 1041 1733 Cati-

62 1773 148 1836 linae
171 1777 303 1858 inoepta
325 1774 497 1859 probabat.
522 1773 556 1836 id
572 1774 655 1838 adeo
679 1797 770 1838 more
792 1797 850 1837 suo
868 1773 1064 1837 videbatura

63 1876 183 1940 faeere.
211 1901 287 1941 nam
312 1900 441 1961 semper
462 1879 497 1940 in
521 1879 662 1954 civitate,
688 1877 805 1960 quibus
829 1899 908 1960 opes
931 1876 1064 1940 nullaes

62 1989 146 2056 sunt,
170 1980 265 2044 bonis
288 1981 447 2057 invident,
472 1980 576 2044 malos
601 1980 771 2058 extollunt,
794 1989 908 2044 vetera
932 1979 1041 2059 odere,

61 2105 150 2145 nora
178 2094 350 2166 exoptant,
386 2083 460 2147 odio
492 2106 623 2146 suarum
653 2105 760 2147 rerum
790 2085 909 2148 mutari
934 2085 1043 2147 omnia

62 2185 209 2248 student:
234 2186 330 2249 turba
354 2195 451 2270 atque
475 2185 688 2250 seditionibus
712 2188 782 2250 sine
805 2209 884 2250 eura
900 2185 1040 2264 aluntur,

64 2291 216 2372 quoniam
254 2299 381 2372 egestas
415 2289 512 2354 facile
546 2289 685 2354 habetur
714 2292 784 2354 sine
813 2288 943 2354 damno.
983 2290 1064 2354 sed4

62 2391 190 2456 urbana
222 2394 351 2478 plebes,
388 2417 427 2459 ea
455 2417 533 2459 vero
568 2417 728 2479 praeceps
762 2404 832 2458 erat
861 2393 901 2458 de
930 2394 1040 2458 multis

65 2499 181 2560 oausis.
215 2499 355 2583 primum
380 2500 539 2576 omnium,
573 2499 627 2582 qui
649 2497 771 2582 ubique
794 2497 915 2583 probro
941 2507 1062 2582 atques

61 2599 241 2682 petulantia
269 2624 422 2665 maxume
453 2600 679 2686 praestabant,
714 2603 792 2664 item
821 2600 876 2664 alii
898 2623 959 2685 per
983 2601 1038 2665 de-

62 2701 184 2764 decora
206 2706 410 2788 patrimoniis
433 2706 574 2782 amissis,
605 2714 770 2788 postremo
796 2726 924 2782 omnes,
957 2727 1038 2788 quos

60 2804 218 2888 flagitium
250 2817 304 2869 aut
334 2807 463 2870 facinus
495 2805 591 2870 domo
625 2806 811 2892 expulerat,
847 2809 876 2871 ei
900 2808 1038 2870 Romam

60 2910 143 2970 siout
166 2910 200 2971 in
224 2911 385 2973 sentinam
421 2909 657 2973 confluxerant.
697 2909 818 2974 deinde
848 2910 940 2974 multi
969 2930 1060 2972 mes

58 3032 166 3074 mores
190 3011 343 3076 Sullanae
367 3015 539 3090 victoriae,
571 3012 659 3097 quod
683 3036 726 3076 ex
748 3014 906 3097 gregariis
929 3012 1038 3075 militi-

58 3113 119 3176 bus
149 3114 229 3178 alios
260 3125 428 3179 senatores
451 3115 624 3194 videbant,
659 3116 740 3180 alios
763 3118 808 3180 ita
832 3116 967 3193 divites,
1003 3125 1038 3178 ut

58 3219 148 3301 regio
172 3220 263 3282 viotu
285 3228 383 3302 atque
408 3218 496 3282 cultu
520 3229 660 3283 aetatem
684 3229 832 3304 agerent,
865 3219 926 3282 sibi
950 3220 1037 3302 quis-

59 3342 158 3404 011οφω
174 3324 200 3384 si
223 3324 257 3385 in
280 3324 378 3385 armis
408 3321 507 3400 foret,
545 3345 587 3386 ex
609 3325 748 3387 victoria
770 3322 849 3385 talia
873 3320 1035 3406 sperabat.

57 3434 229 3507 praeterea
252 3427 413 3503 iuventus,
439 3448 522 3511 quae
544 3427 578 3488 in
594 3427 680 3510 agris
704 3448 859 3489 manuum
882 3426 1058 3490 merceder

57 3528 203 3610 inopiam
233 3529 444 3606 toleraverat,
479 3530 615 3614 privatis
644 3539 741 3613 atque
770 3529 910 3614 publicis
937 3529 1036 3613 largi-
