<?xml version="1.0" encoding="UTF-8"?>
<!DOCTYPE html PUBLIC "-//W3C//DTD XHTML 1.0 Transitional//EN"
    "http://www.w3.org/TR/xhtml1/DTD/xhtml1-transitional.dtd">
<html xmlns="http://www.w3.org/1999/xhtml" xml:lang="en" lang="en">
 <head>
  <title>
</title>
<meta http-equiv="Content-Type" content="text/html;charset=utf-8" />
  <meta name='ocr-system' content='tesseract 3.04.00' />
  <meta name='ocr-capabilities' content='ocr_page ocr_carea ocr_par ocr_line ocrx_word'/>
</head>
<body>
  <div class='ocr_page' id='page_1' title='image "bellumcatilinae00persgoog_0077.png"; bbox 0 0 2392 3952; ppageno 0'>
   <div class='ocr_carea' id='block_1_1' title="bbox 80 230 913 296">
    <p class='ocr_par' dir='ltr' id='par_1_1' title="bbox 80 230 913 296">
     <span class='ocr_line' id='line_1_1' title="bbox 80 230 913 296; baseline -0.004 -11"><span class='ocrx_word' id='word_1_1' title='bbox 80 276 82 285; x_wconf 88' lang='grc'><em>,</em></span> <span class='ocrx_word' id='word_1_2' title='bbox 138 231 181 296; x_wconf 85' lang='grc'>66</span> <span class='ocrx_word' id='word_1_3' title='bbox 347 231 501 283; x_wconf 82' lang='lat' dir='ltr'><strong>BELLUM</strong></span> <span class='ocrx_word' id='word_1_4' title='bbox 519 230 782 284; x_wconf 81' lang='lat' dir='ltr'><strong>IUGURTHINUM</strong></span> <span class='ocrx_word' id='word_1_5' title='bbox 802 234 913 282; x_wconf 76' lang='lat'>14-15.</span> 
     </span>
    </p>
   </div>
   <div class='ocr_carea' id='block_1_2' title="bbox 84 419 1124 3609">
    <p class='ocr_par' dir='ltr' id='par_1_2' title="bbox 103 419 1124 1434">
     <span class='ocr_line' id='line_1_2' title="bbox 104 419 1123 505; baseline 0 -21"><span class='ocrx_word' id='word_1_6' title='bbox 104 422 249 504; x_wconf 71' lang='lat' dir='ltr'>ngravis</span> <span class='ocrx_word' id='word_1_7' title='bbox 286 443 411 505; x_wconf 90' lang='lat' dir='ltr'>poenas</span> <span class='ocrx_word' id='word_1_8' title='bbox 445 419 572 484; x_wconf 90' lang='lat' dir='ltr'>reddat.</span> <span class='ocrx_word' id='word_1_9' title='bbox 602 421 747 498; x_wconf 84' lang='lat' dir='ltr'>iamiam,</span> <span class='ocrx_word' id='word_1_10' title='bbox 783 420 885 483; x_wconf 88' lang='lat' dir='ltr'>frater</span> <span class='ocrx_word' id='word_1_11' title='bbox 915 421 1024 484; x_wconf 90' lang='lat' dir='ltr'>animo</span> <span class='ocrx_word' id='word_1_12' title='bbox 1048 443 1123 485; x_wconf 91' lang='lat' dir='ltr'>meo</span> 
     </span>
     <span class='ocr_line' id='line_1_3' title="bbox 140 523 1123 610; baseline 0 -22"><span class='ocrx_word' id='word_1_13' title='bbox 140 525 326 602; x_wconf 88' lang='lat' dir='ltr'>carissume,</span> <span class='ocrx_word' id='word_1_14' title='bbox 345 547 542 610; x_wconf 90' lang='lat' dir='ltr'>quamquam</span> <span class='ocrx_word' id='word_1_15' title='bbox 557 523 616 587; x_wconf 91' lang='lat' dir='ltr'>tibi</span> <span class='ocrx_word' id='word_1_16' title='bbox 631 525 804 587; x_wconf 89' lang='lat' dir='ltr'>immaturo</span> <span class='ocrx_word' id='word_1_17' title='bbox 818 534 860 602; x_wconf 91' lang='lat' dir='ltr'>et,</span> <span class='ocrx_word' id='word_1_18' title='bbox 876 523 965 588; x_wconf 94' lang='lat' dir='ltr'>unde</span> <span class='ocrx_word' id='word_1_19' title='bbox 977 526 1123 588; x_wconf 84' lang='lat' dir='ltr'>minume</span> 
     </span>
     <span class='ocr_line' id='line_1_4' title="bbox 103 625 1124 712; baseline 0.001 -22"><span class='ocrx_word' id='word_1_20' title='bbox 103 645 128 684; x_wconf 76' lang='lat'>2⁸</span> <span class='ocrx_word' id='word_1_21' title='bbox 139 627 257 706; x_wconf 83' lang='lat' dir='ltr'>decuit,</span> <span class='ocrx_word' id='word_1_22' title='bbox 274 629 343 690; x_wconf 83' lang='lat' dir='ltr'>vita</span> <span class='ocrx_word' id='word_1_23' title='bbox 355 638 468 711; x_wconf 89' lang='lat' dir='ltr'>erepta</span> <span class='ocrx_word' id='word_1_24' title='bbox 480 637 538 702; x_wconf 89' lang='lat' dir='ltr'>est,</span> <span class='ocrx_word' id='word_1_25' title='bbox 562 637 673 690; x_wconf 89' lang='lat' dir='ltr'>tamen</span> <span class='ocrx_word' id='word_1_26' title='bbox 694 625 886 690; x_wconf 89' lang='lat' dir='ltr'>laetandum</span> <span class='ocrx_word' id='word_1_27' title='bbox 901 629 1006 712; x_wconf 80' lang='lat' dir='ltr'>magis</span> <span class='ocrx_word' id='word_1_28' title='bbox 1024 650 1124 712; x_wconf 91' lang='lat' dir='ltr'>quam</span> 
     </span>
     <span class='ocr_line' id='line_1_5' title="bbox 139 731 1122 815; baseline 0 -21"><span class='ocrx_word' id='word_1_29' title='bbox 139 731 318 796; x_wconf 92' lang='lat' dir='ltr'>dolendum</span> <span class='ocrx_word' id='word_1_30' title='bbox 351 740 430 814; x_wconf 93' lang='lat' dir='ltr'>puto</span> <span class='ocrx_word' id='word_1_31' title='bbox 467 752 578 793; x_wconf 90' lang='lat' dir='ltr'>casum</span> <span class='ocrx_word' id='word_1_32' title='bbox 612 740 719 810; x_wconf 90' lang='lat' dir='ltr'>tuum;</span> <span class='ocrx_word' id='word_1_33' title='bbox 754 752 821 793; x_wconf 93' lang='lat' dir='ltr'>non</span> <span class='ocrx_word' id='word_1_34' title='bbox 851 731 938 793; x_wconf 92' lang='lat' dir='ltr'>enim</span> <span class='ocrx_word' id='word_1_35' title='bbox 971 752 1122 815; x_wconf 85' lang='lat' dir='ltr'>regnum,</span> 
     </span>
     <span class='ocr_line' id='line_1_6' title="bbox 138 833 1123 919; baseline 0 -21"><span class='ocrx_word' id='word_1_36' title='bbox 138 833 197 898; x_wconf 91' lang='lat' dir='ltr'>sed</span> <span class='ocrx_word' id='word_1_37' title='bbox 226 834 339 919; x_wconf 85' lang='lat' dir='ltr'>fugam</span> <span class='ocrx_word' id='word_1_38' title='bbox 369 834 503 898; x_wconf 82' lang='lat' dir='ltr'>exilium</span> <span class='ocrx_word' id='word_1_39' title='bbox 533 844 712 919; x_wconf 82' lang='lat' dir='ltr'>egestatem</span> <span class='ocrx_word' id='word_1_40' title='bbox 736 844 768 898; x_wconf 92' lang='lat' dir='ltr'>et</span> <span class='ocrx_word' id='word_1_41' title='bbox 791 835 897 898; x_wconf 91' lang='lat' dir='ltr'>omnis</span> <span class='ocrx_word' id='word_1_42' title='bbox 926 833 1000 912; x_wconf 91' lang='lat' dir='ltr'>has,</span> <span class='ocrx_word' id='word_1_43' title='bbox 1038 857 1123 919; x_wconf 91' lang='lat' dir='ltr'>quae</span> 
     </span>
     <span class='ocr_line' id='line_1_7' title="bbox 136 937 1123 1022; baseline -0.001 -21"><span class='ocrx_word' id='word_1_44' title='bbox 136 960 189 1002; x_wconf 90' lang='lat' dir='ltr'>me</span> <span class='ocrx_word' id='word_1_45' title='bbox 211 947 379 1022; x_wconf 89' lang='lat' dir='ltr'>premunt,</span> <span class='ocrx_word' id='word_1_46' title='bbox 416 959 588 1000; x_wconf 84' lang='lat' dir='ltr'>aerumnas</span> <span class='ocrx_word' id='word_1_47' title='bbox 619 959 693 999; x_wconf 90' lang='lat' dir='ltr'>cum</span> <span class='ocrx_word' id='word_1_48' title='bbox 722 938 831 1000; x_wconf 89' lang='lat' dir='ltr'>anima</span> <span class='ocrx_word' id='word_1_49' title='bbox 858 937 953 1000; x_wconf 90' lang='lat' dir='ltr'>simul</span> <span class='ocrx_word' id='word_1_50' title='bbox 976 940 1123 1001; x_wconf 90' lang='lat' dir='ltr'>amisisti.</span> 
     </span>
     <span class='ocr_line' id='line_1_8' title="bbox 137 1040 1121 1126; baseline 0.001 -22"><span class='ocrx_word' id='word_1_51' title='bbox 137 1052 170 1105; x_wconf 89' lang='lat' dir='ltr'>at</span> <span class='ocrx_word' id='word_1_52' title='bbox 186 1063 247 1125; x_wconf 85' lang='lat' dir='ltr'>ego</span> <span class='ocrx_word' id='word_1_53' title='bbox 270 1041 396 1118; x_wconf 85' lang='lat' dir='ltr'>infelix,</span> <span class='ocrx_word' id='word_1_54' title='bbox 421 1042 562 1104; x_wconf 90' lang='lat' dir='ltr'>intanta</span> <span class='ocrx_word' id='word_1_55' title='bbox 584 1040 672 1103; x_wconf 91' lang='lat' dir='ltr'>mala</span> <span class='ocrx_word' id='word_1_56' title='bbox 694 1042 931 1125; x_wconf 89' lang='lat' dir='ltr'>praecipitatus</span> <span class='ocrx_word' id='word_1_57' title='bbox 956 1063 998 1104; x_wconf 91' lang='lat' dir='ltr'>ex</span> <span class='ocrx_word' id='word_1_58' title='bbox 1013 1043 1121 1126; x_wconf 87' lang='lat' dir='ltr'>patrio</span> 
     </span>
     <span class='ocr_line' id='line_1_9' title="bbox 135 1143 1123 1229; baseline 0 -21"><span class='ocrx_word' id='word_1_59' title='bbox 135 1167 249 1229; x_wconf 83' lang='lat' dir='ltr'>regne,</span> <span class='ocrx_word' id='word_1_60' title='bbox 273 1166 382 1208; x_wconf 89' lang='lat' dir='ltr'>rerum</span> <span class='ocrx_word' id='word_1_61' title='bbox 403 1143 619 1208; x_wconf 89' lang='lat' dir='ltr'>humanarum</span> <span class='ocrx_word' id='word_1_62' title='bbox 643 1144 868 1228; x_wconf 83' lang='lat' dir='ltr'>spectaculum</span> <span class='ocrx_word' id='word_1_63' title='bbox 892 1143 1049 1228; x_wconf 88' lang='lat' dir='ltr'>praebeo,</span> <span class='ocrx_word' id='word_1_64' title='bbox 1074 1147 1123 1208; x_wconf 93' lang='lat' dir='ltr'>in·</span> 
     </span>
     <span class='ocr_line' id='line_1_10' title="bbox 137 1247 1122 1333; baseline 0.002 -23"><span class='ocrx_word' id='word_1_65' title='bbox 137 1257 260 1325; x_wconf 90' lang='lat' dir='ltr'>certus,</span> <span class='ocrx_word' id='word_1_66' title='bbox 286 1247 364 1332; x_wconf 90' lang='lat' dir='ltr'>quid</span> <span class='ocrx_word' id='word_1_67' title='bbox 388 1270 499 1332; x_wconf 85' lang='lat' dir='ltr'>agam,</span> <span class='ocrx_word' id='word_1_68' title='bbox 528 1258 645 1311; x_wconf 88' lang='lat' dir='ltr'>tuasne</span> <span class='ocrx_word' id='word_1_69' title='bbox 667 1249 802 1310; x_wconf 90' lang='lat' dir='ltr'>iniurias</span> <span class='ocrx_word' id='word_1_70' title='bbox 825 1269 1022 1332; x_wconf 88' lang='lat' dir='ltr'>persequar,</span> <span class='ocrx_word' id='word_1_71' title='bbox 1049 1249 1122 1333; x_wconf 88' lang='lat' dir='ltr'>ipse</span> 
     </span>
     <span class='ocr_line' id='line_1_11' title="bbox 137 1350 1122 1434; baseline 0 -20"><span class='ocrx_word' id='word_1_72' title='bbox 137 1350 237 1414; x_wconf 87' lang='lat' dir='ltr'>auxili</span> <span class='ocrx_word' id='word_1_73' title='bbox 261 1372 371 1434; x_wconf 83' lang='lat' dir='ltr'>egens,</span> <span class='ocrx_word' id='word_1_74' title='bbox 396 1375 439 1414; x_wconf 92' lang='lat' dir='ltr'>an</span> <span class='ocrx_word' id='word_1_75' title='bbox 461 1373 564 1434; x_wconf 81' lang='lat' dir='ltr'>regno</span> <span class='ocrx_word' id='word_1_76' title='bbox 590 1350 767 1429; x_wconf 88' lang='lat' dir='ltr'>consulam,</span> <span class='ocrx_word' id='word_1_77' title='bbox 799 1353 891 1415; x_wconf 91' lang='lat' dir='ltr'>cuius</span> <span class='ocrx_word' id='word_1_78' title='bbox 906 1352 993 1414; x_wconf 83' lang='lat' dir='ltr'>vitae</span> <span class='ocrx_word' id='word_1_79' title='bbox 1015 1353 1122 1415; x_wconf 91' lang='lat' dir='ltr'>necis-</span> 
     </span>
    </p>

    <p class='ocr_par' dir='ltr' id='par_1_3' title="bbox 101 1453 1123 1932">
     <span class='ocr_line' id='line_1_12' title="bbox 101 1453 1121 1538; baseline 0.006 -26"><span class='ocrx_word' id='word_1_80' title='bbox 101 1474 200 1538; x_wconf 71' lang='lat' dir='ltr'>mque</span> <span class='ocrx_word' id='word_1_81' title='bbox 216 1463 362 1538; x_wconf 89' lang='lat' dir='ltr'>potestas</span> <span class='ocrx_word' id='word_1_82' title='bbox 378 1476 421 1518; x_wconf 88' lang='lat' dir='ltr'>ex</span> <span class='ocrx_word' id='word_1_83' title='bbox 437 1453 554 1538; x_wconf 89' lang='lat' dir='ltr'>opibus</span> <span class='ocrx_word' id='word_1_84' title='bbox 578 1453 692 1517; x_wconf 89' lang='lat' dir='ltr'>alienis</span> <span class='ocrx_word' id='word_1_85' title='bbox 712 1453 846 1538; x_wconf 83' lang='lat' dir='ltr'>pendet.</span> <span class='ocrx_word' id='word_1_86' title='bbox 870 1455 995 1518; x_wconf 89' lang='lat' dir='ltr'>utinam</span> <span class='ocrx_word' id='word_1_87' title='bbox 1017 1457 1121 1518; x_wconf 91' lang='lat' dir='ltr'>emori</span> 
     </span>
     <span class='ocr_line' id='line_1_13' title="bbox 137 1556 1122 1639; baseline 0.001 -19"><span class='ocrx_word' id='word_1_88' title='bbox 137 1557 275 1620; x_wconf 83' lang='lat' dir='ltr'>fortunis</span> <span class='ocrx_word' id='word_1_89' title='bbox 307 1558 388 1619; x_wconf 91' lang='lat' dir='ltr'>meis</span> <span class='ocrx_word' id='word_1_90' title='bbox 417 1556 572 1620; x_wconf 91' lang='lat' dir='ltr'>honestus</span> <span class='ocrx_word' id='word_1_91' title='bbox 595 1556 709 1639; x_wconf 78' lang='lat' dir='ltr'>[exitus</span> <span class='ocrx_word' id='word_1_92' title='bbox 739 1568 825 1621; x_wconf 89' lang='lat' dir='ltr'>esset</span> <span class='ocrx_word' id='word_1_93' title='bbox 853 1580 918 1621; x_wconf 91' lang='lat' dir='ltr'>neu</span> <span class='ocrx_word' id='word_1_94' title='bbox 945 1559 1017 1621; x_wconf 89' lang='lat' dir='ltr'>iure</span> <span class='ocrx_word' id='word_1_95' title='bbox 1041 1579 1122 1622; x_wconf 92' lang='lat' dir='ltr'>con·</span> 
     </span>
     <span class='ocr_line' id='line_1_14' title="bbox 136 1658 1123 1745; baseline 0.001 -21"><span class='ocrx_word' id='word_1_96' title='bbox 136 1671 279 1745; x_wconf 91' lang='lat' dir='ltr'>temptus</span> <span class='ocrx_word' id='word_1_97' title='bbox 312 1658 457 1737; x_wconf 85' lang='lat' dir='ltr'>viderer,</span> <span class='ocrx_word' id='word_1_98' title='bbox 494 1660 520 1722; x_wconf 91' lang='lat' dir='ltr'>si</span> <span class='ocrx_word' id='word_1_99' title='bbox 556 1659 705 1723; x_wconf 82' lang='lat' dir='ltr'>defessus</span> <span class='ocrx_word' id='word_1_100' title='bbox 739 1658 834 1723; x_wconf 91' lang='lat' dir='ltr'>malis</span> <span class='ocrx_word' id='word_1_101' title='bbox 868 1661 1006 1724; x_wconf 91' lang='lat' dir='ltr'>iniuriae</span> <span class='ocrx_word' id='word_1_102' title='bbox 1042 1682 1123 1725; x_wconf 88' lang='lat' dir='ltr'>con·</span> 
     </span>
     <span class='ocr_line' id='line_1_15' title="bbox 137 1762 1122 1847; baseline 0 -20"><span class='ocrx_word' id='word_1_103' title='bbox 137 1766 317 1828; x_wconf 89' lang='lat' dir='ltr'>cessissem.</span> <span class='ocrx_word' id='word_1_104' title='bbox 342 1784 431 1827; x_wconf 93' lang='lat' dir='ltr'>nunc</span> <span class='ocrx_word' id='word_1_105' title='bbox 453 1785 561 1847; x_wconf 92' lang='lat' dir='ltr'>neque</span> <span class='ocrx_word' id='word_1_106' title='bbox 584 1764 696 1826; x_wconf 84' lang='lat' dir='ltr'>vivere</span> <span class='ocrx_word' id='word_1_107' title='bbox 712 1762 804 1826; x_wconf 92' lang='lat' dir='ltr'>lubet</span> <span class='ocrx_word' id='word_1_108' title='bbox 819 1785 928 1847; x_wconf 92' lang='lat' dir='ltr'>neque</span> <span class='ocrx_word' id='word_1_109' title='bbox 944 1764 1027 1827; x_wconf 86' lang='lat' dir='ltr'>mori</span> <span class='ocrx_word' id='word_1_110' title='bbox 1042 1763 1122 1828; x_wconf 88' lang='lat' dir='ltr'>licet</span> 
     </span>
     <span class='ocr_line' id='line_1_16' title="bbox 137 1860 583 1932; baseline 0.007 -3"><span class='ocrx_word' id='word_1_111' title='bbox 137 1868 206 1931; x_wconf 85' lang='lat' dir='ltr'>sine</span> <span class='ocrx_word' id='word_1_112' title='bbox 232 1867 406 1932; x_wconf 87' lang='lat' dir='ltr'>dedecore.</span> <span class='ocrx_word' id='word_1_113' title='bbox 582 1860 583 1863; x_wconf 25' lang='lat'>¹</span> 
     </span>
    </p>

    <p class='ocr_par' dir='ltr' id='par_1_4' title="bbox 101 1967 1123 2469">
     <span class='ocr_line' id='line_1_17' title="bbox 101 1967 1122 2056; baseline 0 -22"><span class='ocrx_word' id='word_1_114' title='bbox 101 1983 126 2024; x_wconf 78' lang='lat'>2⁵</span> <span class='ocrx_word' id='word_1_115' title='bbox 239 1972 355 2036; x_wconf 89' lang='lat' dir='ltr'>Patres</span> <span class='ocrx_word' id='word_1_116' title='bbox 387 1972 579 2056; x_wconf 90' lang='lat' dir='ltr'>conscripti,</span> <span class='ocrx_word' id='word_1_117' title='bbox 613 1993 674 2055; x_wconf 89' lang='lat' dir='ltr'>per</span> <span class='ocrx_word' id='word_1_118' title='bbox 697 1992 771 2048; x_wconf 87' lang='lat' dir='ltr'>vos,</span> <span class='ocrx_word' id='word_1_119' title='bbox 794 1992 855 2054; x_wconf 89' lang='lat' dir='ltr'>per</span> <span class='ocrx_word' id='word_1_120' title='bbox 877 1967 998 2033; x_wconf 88' lang='lat' dir='ltr'>liberos</span> <span class='ocrx_word' id='word_1_121' title='bbox 1022 1979 1122 2054; x_wconf 90' lang='lat' dir='ltr'>atque</span> 
     </span>
     <span class='ocr_line' id='line_1_18' title="bbox 134 2073 1120 2159; baseline 0 -22"><span class='ocrx_word' id='word_1_122' title='bbox 134 2085 289 2158; x_wconf 89' lang='lat' dir='ltr'>parentes</span> <span class='ocrx_word' id='word_1_123' title='bbox 322 2085 466 2150; x_wconf 87' lang='lat' dir='ltr'>vostros,</span> <span class='ocrx_word' id='word_1_124' title='bbox 501 2097 562 2159; x_wconf 88' lang='lat' dir='ltr'>per</span> <span class='ocrx_word' id='word_1_125' title='bbox 592 2075 796 2137; x_wconf 89' lang='lat' dir='ltr'>maiestatem</span> <span class='ocrx_word' id='word_1_126' title='bbox 824 2073 939 2158; x_wconf 93' lang='lat' dir='ltr'>populi</span> <span class='ocrx_word' id='word_1_127' title='bbox 969 2073 1120 2152; x_wconf 87' lang='lat' dir='ltr'>Romani,</span> 
     </span>
     <span class='ocr_line' id='line_1_19' title="bbox 136 2174 1123 2255; baseline 0 -15"><span class='ocrx_word' id='word_1_128' title='bbox 136 2176 308 2242; x_wconf 86' lang='lat' dir='ltr'>subvenite</span> <span class='ocrx_word' id='word_1_129' title='bbox 337 2177 414 2241; x_wconf 92' lang='lat' dir='ltr'>mihi</span> <span class='ocrx_word' id='word_1_130' title='bbox 437 2180 572 2255; x_wconf 89' lang='lat' dir='ltr'>misero,</span> <span class='ocrx_word' id='word_1_131' title='bbox 607 2179 652 2240; x_wconf 90' lang='lat' dir='ltr'>ite</span> <span class='ocrx_word' id='word_1_132' title='bbox 676 2174 808 2240; x_wconf 81' lang='lat' dir='ltr'>obviam</span> <span class='ocrx_word' id='word_1_133' title='bbox 830 2178 984 2254; x_wconf 91' lang='lat' dir='ltr'>iniuriae,</span> <span class='ocrx_word' id='word_1_134' title='bbox 1020 2177 1123 2241; x_wconf 89' lang='lat' dir='ltr'>nolite</span> 
     </span>
     <span class='ocr_line' id='line_1_20' title="bbox 133 2278 1122 2368; baseline -0.002 -22"><span class='ocrx_word' id='word_1_135' title='bbox 133 2285 202 2368; x_wconf 90' lang='lat' dir='ltr'>pati</span> <span class='ocrx_word' id='word_1_136' title='bbox 219 2305 357 2367; x_wconf 84' lang='lat' dir='ltr'>regnum</span> <span class='ocrx_word' id='word_1_137' title='bbox 372 2280 557 2358; x_wconf 84' lang='lat' dir='ltr'>Numidiae,</span> <span class='ocrx_word' id='word_1_138' title='bbox 582 2278 673 2364; x_wconf 91' lang='lat' dir='ltr'>quod</span> <span class='ocrx_word' id='word_1_139' title='bbox 688 2289 835 2343; x_wconf 86' lang='lat' dir='ltr'>vostrum</span> <span class='ocrx_word' id='word_1_140' title='bbox 852 2290 909 2357; x_wconf 90' lang='lat' dir='ltr'>est,</span> <span class='ocrx_word' id='word_1_141' title='bbox 933 2301 995 2364; x_wconf 90' lang='lat' dir='ltr'>per</span> <span class='ocrx_word' id='word_1_142' title='bbox 1013 2281 1122 2344; x_wconf 88' lang='lat' dir='ltr'>scelus</span> 
     </span>
     <span class='ocr_line' id='line_1_21' title="bbox 136 2381 924 2469; baseline -0.005 -20"><span class='ocrx_word' id='word_1_143' title='bbox 136 2396 168 2450; x_wconf 91' lang='lat' dir='ltr'>et</span> <span class='ocrx_word' id='word_1_144' title='bbox 191 2387 384 2469; x_wconf 83' lang='lat' dir='ltr'>sanguinem</span> <span class='ocrx_word' id='word_1_145' title='bbox 408 2384 551 2447; x_wconf 82' lang='lat' dir='ltr'>familiae</span> <span class='ocrx_word' id='word_1_146' title='bbox 575 2393 708 2447; x_wconf 89' lang='lat' dir='ltr'>nostrae</span> <span class='ocrx_word' id='word_1_147' title='bbox 732 2381 924 2447; x_wconf 63' lang='lat' dir='ltr'>tabescere?</span> 
     </span>
    </p>

    <p class='ocr_par' dir='ltr' id='par_1_5' title="bbox 84 2485 1123 3609">
     <span class='ocr_line' id='line_1_22' title="bbox 84 2485 1120 2572; baseline 0.001 -24"><span class='ocrx_word' id='word_1_148' title='bbox 84 2495 118 2549; x_wconf 80' lang='lat'>15</span> <span class='ocrx_word' id='word_1_149' title='bbox 238 2489 417 2572; x_wconf 90' lang='lat' dir='ltr'>Postquam</span> <span class='ocrx_word' id='word_1_150' title='bbox 441 2510 501 2550; x_wconf 86' lang='lat' dir='ltr'>rex</span> <span class='ocrx_word' id='word_1_151' title='bbox 523 2487 622 2550; x_wconf 86' lang='lat' dir='ltr'>finem</span> <span class='ocrx_word' id='word_1_152' title='bbox 645 2486 802 2571; x_wconf 92' lang='lat' dir='ltr'>loquendi</span> <span class='ocrx_word' id='word_1_153' title='bbox 826 2487 915 2563; x_wconf 87' lang='lat' dir='ltr'>fecit,</span> <span class='ocrx_word' id='word_1_154' title='bbox 939 2485 1041 2570; x_wconf 85' lang='lat' dir='ltr'>legati</span> <span class='ocrx_word' id='word_1_155' title='bbox 1063 2485 1120 2549; x_wconf 93' lang='lat' dir='ltr'>Iu-</span> 
     </span>
     <span class='ocr_line' id='line_1_23' title="bbox 135 2590 1118 2678; baseline -0.003 -23"><span class='ocrx_word' id='word_1_156' title='bbox 135 2591 272 2678; x_wconf 75' lang='lat' dir='ltr'>gurthae</span> <span class='ocrx_word' id='word_1_157' title='bbox 300 2592 473 2676; x_wconf 83' lang='lat' dir='ltr'>largitione</span> <span class='ocrx_word' id='word_1_158' title='bbox 501 2593 607 2675; x_wconf 84' lang='lat' dir='ltr'>magis</span> <span class='ocrx_word' id='word_1_159' title='bbox 636 2613 734 2675; x_wconf 91' lang='lat' dir='ltr'>quam</span> <span class='ocrx_word' id='word_1_160' title='bbox 766 2613 866 2654; x_wconf 89' lang='lat' dir='ltr'>causa</span> <span class='ocrx_word' id='word_1_161' title='bbox 896 2590 971 2654; x_wconf 87' lang='lat' dir='ltr'>freti</span> <span class='ocrx_word' id='word_1_162' title='bbox 999 2591 1118 2674; x_wconf 80' lang='lat' dir='ltr'>paucis</span> 
     </span>
     <span class='ocr_line' id='line_1_24' title="bbox 135 2691 1118 2779; baseline -0.003 -21"><span class='ocrx_word' id='word_1_163' title='bbox 135 2694 351 2779; x_wconf 90' lang='lat' dir='ltr'>respondent:</span> <span class='ocrx_word' id='word_1_164' title='bbox 390 2693 616 2778; x_wconf 81' lang='lat' dir='ltr'>Hiempsalem</span> <span class='ocrx_word' id='word_1_165' title='bbox 655 2694 696 2758; x_wconf 89' lang='lat' dir='ltr'>ob</span> <span class='ocrx_word' id='word_1_166' title='bbox 736 2695 905 2757; x_wconf 81' lang='lat' dir='ltr'>saevitiam</span> <span class='ocrx_word' id='word_1_167' title='bbox 943 2714 1036 2756; x_wconf 91' lang='lat' dir='ltr'>suam</span> <span class='ocrx_word' id='word_1_168' title='bbox 1075 2691 1118 2756; x_wconf 90' lang='lat' dir='ltr'>ab</span> 
     </span>
     <span class='ocr_line' id='line_1_25' title="bbox 134 2794 1122 2879; baseline -0.005 -16"><span class='ocrx_word' id='word_1_169' title='bbox 134 2798 286 2863; x_wconf 89' lang='lat' dir='ltr'>Numidis</span> <span class='ocrx_word' id='word_1_170' title='bbox 308 2798 532 2879; x_wconf 72' lang='lat' dir='ltr'>interfectum,</span> <span class='ocrx_word' id='word_1_171' title='bbox 567 2797 792 2862; x_wconf 84' lang='lat' dir='ltr'>Adherbalem</span> <span class='ocrx_word' id='word_1_172' title='bbox 814 2798 899 2861; x_wconf 88' lang='lat' dir='ltr'>ultro</span> <span class='ocrx_word' id='word_1_173' title='bbox 923 2794 1048 2860; x_wconf 91' lang='lat' dir='ltr'>bellum</span> <span class='ocrx_word' id='word_1_174' title='bbox 1070 2796 1122 2858; x_wconf 91' lang='lat' dir='ltr'>in-</span> 
     </span>
     <span class='ocr_line' id='line_1_26' title="bbox 136 2897 1120 2986; baseline -0.006 -20"><span class='ocrx_word' id='word_1_175' title='bbox 136 2901 311 2980; x_wconf 85' lang='lat' dir='ltr'>ferentem,</span> <span class='ocrx_word' id='word_1_176' title='bbox 345 2911 520 2986; x_wconf 87' lang='lat' dir='ltr'>postquam</span> <span class='ocrx_word' id='word_1_177' title='bbox 544 2913 715 2986; x_wconf 90' lang='lat' dir='ltr'>superatus</span> <span class='ocrx_word' id='word_1_178' title='bbox 740 2904 788 2979; x_wconf 91' lang='lat' dir='ltr'>sit,</span> <span class='ocrx_word' id='word_1_179' title='bbox 825 2902 931 2986; x_wconf 88' lang='lat' dir='ltr'>queri,</span> <span class='ocrx_word' id='word_1_180' title='bbox 958 2897 1047 2984; x_wconf 93' lang='lat' dir='ltr'>quod</span> <span class='ocrx_word' id='word_1_181' title='bbox 1068 2899 1120 2961; x_wconf 90' lang='lat' dir='ltr'>in-</span> 
     </span>
     <span class='ocr_line' id='line_1_27' title="bbox 135 3002 1121 3088; baseline -0.006 -18"><span class='ocrx_word' id='word_1_182' title='bbox 135 3008 252 3070; x_wconf 87' lang='lat' dir='ltr'>iuriam</span> <span class='ocrx_word' id='word_1_183' title='bbox 289 3005 401 3069; x_wconf 87' lang='lat' dir='ltr'>facere</span> <span class='ocrx_word' id='word_1_184' title='bbox 438 3006 655 3088; x_wconf 81' lang='lat' dir='ltr'>nequivisset3</span> <span class='ocrx_word' id='word_1_185' title='bbox 694 3003 888 3088; x_wconf 83' lang='lat' dir='ltr'>Iugurtham</span> <span class='ocrx_word' id='word_1_186' title='bbox 926 3002 967 3066; x_wconf 92' lang='lat' dir='ltr'>ab</span> <span class='ocrx_word' id='word_1_187' title='bbox 1002 3011 1121 3066; x_wconf 88' lang='lat' dir='ltr'>senatu</span> 
     </span>
     <span class='ocr_line' id='line_1_28' title="bbox 135 3106 1120 3196; baseline -0.006 -22"><span class='ocrx_word' id='word_1_188' title='bbox 135 3120 258 3196; x_wconf 88' lang='lat' dir='ltr'>petere,</span> <span class='ocrx_word' id='word_1_189' title='bbox 282 3131 324 3172; x_wconf 91' lang='lat' dir='ltr'>ne</span> <span class='ocrx_word' id='word_1_190' title='bbox 341 3130 375 3171; x_wconf 89' lang='lat' dir='ltr'>se</span> <span class='ocrx_word' id='word_1_191' title='bbox 392 3107 491 3170; x_wconf 91' lang='lat' dir='ltr'>alium</span> <span class='ocrx_word' id='word_1_192' title='bbox 512 3118 675 3192; x_wconf 90' lang='lat' dir='ltr'>putarent,</span> <span class='ocrx_word' id='word_1_193' title='bbox 693 3130 733 3171; x_wconf 87' lang='lat' dir='ltr'>ao</span> <span class='ocrx_word' id='word_1_194' title='bbox 748 3108 946 3171; x_wconf 89' lang='lat' dir='ltr'>Numantiae</span> <span class='ocrx_word' id='word_1_195' title='bbox 968 3106 1120 3190; x_wconf 84' lang='lat' dir='ltr'>cognitus</span> 
     </span>
     <span class='ocr_line' id='line_1_29' title="bbox 137 3210 1122 3293; baseline -0.008 -14"><span class='ocrx_word' id='word_1_196' title='bbox 137 3225 237 3292; x_wconf 89' lang='lat' dir='ltr'>esset,</span> <span class='ocrx_word' id='word_1_197' title='bbox 273 3235 339 3276; x_wconf 91' lang='lat' dir='ltr'>neu</span> <span class='ocrx_word' id='word_1_198' title='bbox 366 3210 470 3275; x_wconf 84' lang='lat' dir='ltr'>verba</span> <span class='ocrx_word' id='word_1_199' title='bbox 499 3212 622 3274; x_wconf 87' lang='lat' dir='ltr'>inimici</span> <span class='ocrx_word' id='word_1_200' title='bbox 651 3221 726 3275; x_wconf 89' lang='lat' dir='ltr'>ante</span> <span class='ocrx_word' id='word_1_201' title='bbox 750 3211 840 3274; x_wconf 87' lang='lat' dir='ltr'>facta</span> <span class='ocrx_word' id='word_1_202' title='bbox 864 3232 924 3272; x_wconf 90' lang='lat' dir='ltr'>sua</span> <span class='ocrx_word' id='word_1_203' title='bbox 945 3218 1122 3293; x_wconf 88' lang='lat' dir='ltr'>ponerent.</span> 
     </span>
     <span class='ocr_line' id='line_1_30' title="bbox 114 3312 1122 3400; baseline -0.007 -19"><span class='ocrx_word' id='word_1_204' title='bbox 114 3316 257 3381; x_wconf 78' lang='lat' dir='ltr'>2deinde</span> <span class='ocrx_word' id='word_1_205' title='bbox 290 3317 419 3400; x_wconf 89' lang='lat' dir='ltr'>utrique</span> <span class='ocrx_word' id='word_1_206' title='bbox 454 3316 544 3378; x_wconf 88' lang='lat' dir='ltr'>curia</span> <span class='ocrx_word' id='word_1_207' title='bbox 578 3313 799 3399; x_wconf 83' lang='lat' dir='ltr'>egrediuntur.</span> <span class='ocrx_word' id='word_1_208' title='bbox 846 3322 978 3376; x_wconf 90' lang='lat' dir='ltr'>senatus</span> <span class='ocrx_word' id='word_1_209' title='bbox 1012 3312 1122 3374; x_wconf 84' lang='lat' dir='ltr'>statim</span> 
     </span>
     <span class='ocr_line' id='line_1_31' title="bbox 137 3418 1123 3501; baseline -0.008 -16"><span class='ocrx_word' id='word_1_210' title='bbox 137 3420 325 3485; x_wconf 85' lang='lat' dir='ltr'>consulitur.</span> <span class='ocrx_word' id='word_1_211' title='bbox 369 3419 514 3482; x_wconf 88' lang='lat' dir='ltr'>fautores</span> <span class='ocrx_word' id='word_1_212' title='bbox 552 3418 751 3501; x_wconf 84' lang='lat' dir='ltr'>legatorum,</span> <span class='ocrx_word' id='word_1_213' title='bbox 790 3426 963 3501; x_wconf 89' lang='lat' dir='ltr'>praeterea</span> <span class='ocrx_word' id='word_1_214' title='bbox 999 3435 1123 3498; x_wconf 84' lang='lat' dir='ltr'>magna</span> 
     </span>
     <span class='ocr_line' id='line_1_32' title="bbox 131 3520 1118 3609; baseline -0.005 -22"><span class='ocrx_word' id='word_1_215' title='bbox 131 3546 209 3609; x_wconf 89' lang='lat' dir='ltr'>pars</span> <span class='ocrx_word' id='word_1_216' title='bbox 232 3525 339 3608; x_wconf 83' lang='lat' dir='ltr'>gratia</span> <span class='ocrx_word' id='word_1_217' title='bbox 363 3522 544 3608; x_wconf 89' lang='lat' dir='ltr'>depravata</span> <span class='ocrx_word' id='word_1_218' title='bbox 558 3521 758 3585; x_wconf 81' lang='lat' dir='ltr'>Adherbalis</span> <span class='ocrx_word' id='word_1_219' title='bbox 783 3520 872 3583; x_wconf 90' lang='lat' dir='ltr'>dicta</span> <span class='ocrx_word' id='word_1_220' title='bbox 896 3527 1118 3596; x_wconf 87' lang='lat' dir='ltr'>contemnere,</span> 
     </span>
    </p>
   </div>
   <div class='ocr_carea' id='block_1_3' title="bbox 0 0 1200 3952">
    <p class='ocr_par' dir='ltr' id='par_1_6' title="bbox 0 0 1200 3952">
     <span class='ocr_line' id='line_1_33' title="bbox 0 0 1200 3952; baseline 0 0"><span class='ocrx_word' id='word_1_221' title='bbox 0 0 1200 3952; x_wconf 95' lang='lat' dir='ltr'> </span> 
     </span>
    </p>
   </div>
  </div>
 </body>
</html>
