2392 3952
308 244 461 296 BELLUM
480 243 676 294 CATILINAE
695 245 804 295 20-21.
1003 242 1047 308 15

66 433 231 498 montibus
256 432 487 518 coaequandis
518 434 612 497 nobis
635 456 704 497 rem
728 433 922 497 familiarem
939 428 1043 496 ¹etiam

67 534 111 598 ad
127 539 312 602 necessaria
330 536 469 602 deesse?
492 536 565 601 illos
581 536 676 601 binas
699 546 755 600 aut
774 536 912 621 amplius
929 535 1044 600 domos

70 643 270 719 continuare,
295 641 391 704 nobis
414 634 516 704 larem
540 635 734 704 familiarem
758 662 920 724 nusquam
943 639 1044 703 ullum

66 743 160 807 esse?
206 767 280 808 cum
316 743 444 806 tabulas
479 745 572 828 signa
594 744 777 808 toreumata
801 752 922 822 emunt,
958 760 1079 807 nova12

68 845 208 924 diruunt,
245 846 308 909 alia
333 845 517 924 aedificant,
552 855 718 931 postremo
754 845 905 910 omnibus
938 846 1044 909 modis

65 952 250 1034 pecuniam
275 949 406 1013 trahunt
440 961 572 1028 vexant,
607 961 719 1015 tamen
741 973 867 1015 summa
896 947 1045 1013 lubidine

67 1053 196 1117 divitias
221 1077 295 1117 suas
325 1056 458 1118 micare
481 1064 657 1139 nequeunt.
704 1063 737 1118 at
765 1040 1080 1117 nobis‘est'domiu

65 1159 186 1240 inopia,
222 1158 302 1220 foris
338 1179 392 1220 aes
428 1157 580 1234 alienum,
615 1156 703 1219 mala
736 1178 797 1234 res,
834 1179 908 1240 spes
944 1155 1044 1218 multo

68 1262 229 1343 asperior:
271 1260 413 1344 denique
452 1260 530 1344 quid
568 1259 684 1344 reliqui
721 1258 879 1324 habemus
915 1269 1047 1344 praeter

66 1366 219 1426 miseram
243 1362 408 1427 animam?
539 1353 545 1359 ⁷
908 1360 910 1364 ’

81 1484 84 1489 ’
170 1465 258 1546 Quin
281 1469 380 1551 igitur
394 1461 692 1551 expergiscimini?
716 1490 757 1533 en
780 1467 845 1545 illa,
869 1465 926 1531 illa
949 1482 1083 1551 quamn

67 1592 164 1654 saepe
204 1573 340 1655 optastis
377 1564 529 1649 libertas,¹
563 1580 735 1656 praeterea
755 1612 756 1616 =
773 1571 906 1635 divitiae
933 1570 1046 1635 ¹decus

66 1672 170 1755 gloria
193 1676 225 1738 in
251 1673 354 1738 oculis
378 1677 439 1739 sita
463 1684 551 1738 sunt:
587 1675 720 1739 fortuna
744 1677 854 1738 omnia
880 1692 927 1739 ea‘
943 1677 1046 1740 victo·

66 1776 154 1839 ribus
177 1780 324 1861 praemia
346 1781 464 1862 posuit.
500 1801 551 1842 res
575 1788 702 1862 tempus
737 1776 885 1863 pericula
918 1787 1047 1860 egestas
1058 1791 1082 1831 1⁶
1172 1838 1175 1843 .

65 1880 143 1943 belli
172 1881 276 1965 spolia
305 1882 481 1966 magnifica
508 1883 614 1965 magis
644 1903 742 1964 quarn
766 1883 868 1944 oratio
891 1901 965 1943 moa
987 1898 1048 1943 vos

65 1983 245 2047 hortantur.
282 1984 335 2049 vel
370 1987 567 2068 imperatore
600 1983 654 2049 vel
690 1983 790 2047 milite
824 1997 879 2048 1116
897 1972 1044 2047 utimini:
1060 1999 1082 2037 1⁶

66 2109 172 2170 neque
208 2089 335 2153 animus
359 2109 465 2171 neque
501 2077 619 2170 corpus
643 2109 664 2150 a
685 2085 779 2151 vobis
802 2085 916 2154 aberit.
959 2085 1078 2151 naseu

65 2192 146 2273 ipsa,
183 2200 218 2253 ut
248 2211 354 2273 spero,
389 2189 561 2253 vobiscum
593 2213 659 2254 una
694 2189 808 2254 consul
842 2184 948 2274 agam
976 2179 1043 2253 Tnisi

67 2293 151 2356 forte
180 2316 232 2357 me
262 2295 389 2357 animus
419 2292 503 2357 fallit
531 2303 562 2357 et
589 2315 649 2358 vos
672 2296 795 2358 servire
818 2286 923 2378 magis
946 2307 1057 2378 quam‘

66 2398 227 2480 imperare
249 2399 356 2482 parati
380 2399 477 2462 estis.³
672 2387 674 2390 ’
711 2389 712 2393 “
799 2414 800 2418 ’
874 2387 875 2391 “
1003 2386 1005 2389 ’

168 2501 349 2584 Postquam
372 2522 532 2585 accepere
563 2523 603 2564 ea
624 2490 787 2579 huminem
811 2494 936 2586 'quibus
958 2502 1045 2566 mala
1062 2511 1097 2569 21

67 2601 199 2666 abunde
231 2606 340 2668 omnia
370 2613 471 2680 erant,
508 2604 566 2669 sed
601 2627 710 2690 neque
743 2627 795 2670 res
829 2627 937 2690 neque
971 2628 1047 2690 spes

66 2705 155 2769 bona
178 2707 253 2785 ulla,
278 2709 407 2770 tametsi
423 2707 486 2770 illis
503 2708 613 2791 quieta
632 2730 766 2772 movere
783 2730 905 2793 magna
919 2730 1046 2772 merces

67 2808 250 2888 videbatur,
285 2825 396 2874 tamen
429 2802 639 2894 postulavere
661 2811 836 2895 plerique‚'
855 2805 893 2875 ut
924 2832 1046 2896 propo·
1083 2814 1085 2819 ⁴

67 2924 169 2991 neret,
196 2903 280 2997 quae
298 2912 449 2978 condicio
466 2904 544 2976 belli
561 2913 655 2990 foret,
681 2935 764 2998 quae
780 2903 927 2998 praemia
949 2915 1047 2977 annis

66 3029 227 3103 peterent,
264 3015 343 3102 quid
365 3015 487 3101 ubique
511 3019 582 3102 opis
606 3027 661 3080 aut
684 3018 754 3101 spei
776 3015 943 3085 haberent.
978 3025 1067 3088 tum'a

70 3120 377 3206 Catilinapolliceri
393 3118 521 3184 tabulas
537 3142 650 3198 novas,
667 3113 942 3205 proscriptionem
956 3117 1046 3186 locu-

67 3226 213 3311 pletium,
238 3225 447 3308 magistratus
464 3224 657 3302 sacerdotia,
681 3226 824 3308 rapinas,
842 3223 906 3288 alia
929 3223 1046 3299 omnia,

70 3351 152 3414 quae
175 3329 299 3394 bellum
324 3339 422 3413 atque
445 3328 557 3395 lubido
582 3331 743 3393 victorum
766 3329 845 3406 fert;
876 3335 1047 3410 praeterea

69 3454 139 3496 esse
163 3435 197 3497 in
219 3435 381 3518 Hispania
412 3435 561 3498 citeriore
584 3417 747 3509 Pisonem,
779 3433 813 3494 in
842 3429 1068 3502 Mauretanias

70 3557 144 3599 cum
179 3538 327 3603 exercitu
360 3538 396 3601 P.
433 3536 562 3601 Sittium
596 3537 811 3613 Nucerinum<
849 3533 964 3600 consili
997 3535 1051 3596 sui
