2392 3952
120 244 162 307 74
329 242 480 294 annuum
498 243 762 295 msunrnntuu
780 245 892 293 24-25.

119 433 195 496 ficia
229 453 337 515 neque
370 440 483 495 vostra
517 430 650 495 decreta
684 431 899 511 auxiliantur3
935 432 1026 495 ferro
1062 455 1100 495 an

98 536 208 600 rfame
225 537 332 598 acrius
348 557 476 619 urgear,
500 536 644 598 incertus
669 556 748 598 sum.
772 534 868 619 plura
885 533 926 599 de
941 535 1100 620 Iugurtha

121 638 265 702 scribere
290 637 480 702 dehortatur
502 660 555 701 me
579 638 711 701 fortuna
733 660 823 715 mea,
860 648 891 702 et
913 639 981 702 iam
1004 649 1100 703 antea

99 752 275 827 rexpertus
299 765 370 805 sum
392 763 508 826 parum
530 740 609 804 fidei
630 742 757 804 miseris
781 762 866 804 esse:
902 743 965 805 nisi
988 753 1099 807 tamen

121 846 276 930 intellego
297 845 388 909 illum
412 867 519 930 supra,
545 868 643 930 quam
667 867 728 928 ego
753 867 833 923 sum,
857 854 972 930 petere
995 868 1103 930 neque

122 949 216 1013 simul
240 950 418 1013 amicitiam
440 959 586 1013 vostram
611 959 642 1011 et
664 970 802 1031 rognum
825 969 935 1011 meum
960 970 1103 1033 sperare.

121 1062 230 1116 utrum
273 1054 405 1136 gravius
444 1054 632 1129 existumet,
679 1053 801 1114 nemini
840 1051 1007 1115 occultum
1048 1062 1103 1115 est.

100 1179 198 1221 onam
242 1157 334 1220 initio
377 1154 499 1219 occidit
535 1153 760 1237 Hiempsalem
806 1154 942 1217 fratrem
984 1177 1104 1232 meum,

124 1258 243 1323 deiude
267 1260 372 1342 patrio
396 1280 498 1342 regno
522 1280 575 1322 me
600 1257 742 1342 expulit:
771 1279 855 1342 quae
879 1280 959 1322 sane
984 1257 1106 1322 fuerint

102 1372 255 1426 anostrae
278 1364 425 1439 iniuriae,
450 1360 529 1424 nihil
553 1360 683 1425 advos.
707 1383 822 1424 verum
845 1383 934 1424 nunc
958 1372 1106 1425 vostrum

123 1487 262 1551 regnum
293 1467 391 1528 armis
421 1473 526 1542 tenet,
562 1486 630 1541 me,
666 1487 763 1548 quem
792 1486 852 1528 vos
874 1465 1107 1548 imperatorem

125 1567 276 1632 Numidis
320 1570 488 1652 posuistis,
537 1568 684 1631 clausum
729 1566 873 1647 obsidet;
921 1566 1108 1651 legatorum

104 1669 228 1735 averba
252 1672 364 1755 quanti
388 1671 518 1749 fecerit,
543 1670 690 1756 pericula
712 1693 786 1735 mea
810 1670 991 1735 declarant.
1030 1670 1108 1757 quid

127 1785 176 1838 est
208 1775 370 1859 reliquum
403 1775 465 1837 nisi
495 1776 545 1837 vis
575 1784 701 1852 vostra,
737 1797 800 1859 quo
825 1776 951 1838 moveri
981 1774 1108 1860 possit?

103 1901 203 1942 anam
227 1899 288 1962 ego
313 1877 446 1962 quidem
469 1878 604 1956 vellem,
636 1888 669 1941 et
690 1877 788 1957 haec,
814 1901 898 1962 quae
922 1876 1048 1956 scribo,
1076 1887 1109 1942 et

125 1982 195 2060 illa,
235 2004 319 2066 quae
360 1992 457 2045 antea
493 1984 527 2045 in
562 1991 678 2046 senatu
716 1991 849 2066 questus
887 2002 973 2059 sum,
1021 2002 1109 2044 vana

128 2085 238 2149 forent
274 2087 397 2170 potius,
445 2107 542 2169 quam
579 2087 711 2149 miseria
748 2107 823 2148 mea
858 2083 959 2148 fidem
997 2083 1112 2147 verbis

92 2188 263 2252 1ofaccret.
302 2188 361 2250 sed
385 2190 538 2273 quoniam
562 2198 720 2252 conatus
750 2211 837 2267 sum,
872 2197 907 2251 ut
928 2185 1112 2271 Iugurthae

128 2290 288 2354 scelerum
324 2292 475 2354 ostentui
499 2313 620 2369 essem,
655 2313 722 2355 non
751 2293 816 2354 iam
839 2299 978 2354 mortem
1000 2312 1113 2375 neque

128 2415 311 2471 aerumnas,
335 2393 561 2457 tantummodo
584 2396 709 2458 inimici
731 2396 905 2479 imperium
928 2402 960 2457 et
984 2395 1113 2458 crucia·

127 2505 179 2560 tus
226 2498 372 2581 corporis
411 2496 581 2582 deprecor.
635 2521 738 2583 regno
783 2497 974 2575 Numidiae,
1023 2495 1114 2581 quod

127 2611 274 2664 vostrum
298 2610 361 2679 est,
385 2603 433 2665 uti
454 2600 562 2679 lubet,
592 2601 767 2665 consulite:
801 2623 854 2664 me
877 2599 1029 2663 manibus
1052 2601 1113 2662 im-

127 2704 190 2787 piis
213 2705 344 2788 eripite,
379 2727 441 2788 per
462 2706 667 2767 maiestatem
697 2706 827 2789 imperi,
863 2725 924 2788 per
947 2703 1114 2766 amicitiae

128 2805 243 2886 fidem,
278 2809 304 2870 si
327 2807 395 2870 ulla
419 2806 509 2892 apud
532 2830 591 2872 vos
614 2809 772 2871 memoria
794 2814 943 2870 remanet
967 2807 1021 2868 avi
1049 2806 1115 2868 mei

130 2908 341 2974 Masinissae.’

74 3034 112 3089 25
229 3013 292 3077 His
327 3013 443 3077 litteris
476 3016 621 3078 recitatis
655 3014 748 3077 fuere
783 3015 838 3098 qui
868 3013 1052 3076 exercitum
1081 3013 1116 3075 in

130 3115 281 3180 Africam
318 3116 515 3181 mittundum
554 3128 728 3182 censerent
766 3128 798 3182 et
836 3139 933 3202 quam
971 3117 1115 3201 primum

132 3218 316 3283 Adherbali
349 3219 628 3302 subveniundum
665 3221 705 3285 de
728 3220 887 3305 Iugurtha
914 3220 1046 3283 interim
1068 3221 1116 3283 uti

110 3323 375 3402 sconsuleretur,
411 3326 565 3408 quoniam
598 3324 716 3408 legatis
748 3346 815 3388 non
845 3325 1017 3408 paruisset
1056 3322 1116 3386 sed

136 3422 178 3488 ab
202 3424 307 3488 isdem
335 3426 398 3489 illis
425 3428 512 3510 regis
543 3424 725 3490 fautoribus
753 3446 878 3488 summa
902 3447 964 3510 ope
989 3426 1117 3490 enisum

110 3536 200 3605 test,
236 3550 278 3590 ne
302 3528 366 3591 tale
391 3528 559 3592 decretum
582 3530 683 3592 lieret.
722 3530 766 3591 ita
789 3525 913 3591 bonum
935 3525 1116 3613 publicum,
