2392 3952
303 239 456 292 BELLUM
473 241 737 294 IUGURTHINUM
755 243 868 292 22—24.
1038 242 1056 305 7
1060 241 1080 306 3

93 432 233 514 diatum;
264 432 352 517 quod
374 431 431 496 ubi
456 435 682 517 comperisset,
708 431 823 496 sceleri
847 434 916 496 eius
940 432 1071 496 obviam

91 539 169 601 isse:
205 535 364 621 populum
397 536 582 599 Romanum
616 557 724 619 neque
755 545 846 599 recte
873 557 982 619 neque
1010 557 1070 620 pro

90 639 178 705 bono
196 639 371 716 factmum,
396 640 422 701 si
438 637 479 701 ab
495 641 565 702 iure
589 640 734 722 gentium
759 660 830 703 sese
852 636 1070 723 prohibuerit3

90 753 257 830 postremo
286 741 327 806 de
357 740 507 805 omnibus
536 740 634 805 rebus
661 741 789 827 legatos
812 743 950 806 Romam
977 741 1071 806 brevi

90 849 275 911 missurum.
309 847 355 909 ita
378 847 506 930 utrique
531 844 767 929 digrediuntur.
791 845 990 910 Adherbalis
1014 866 1093 931 ap-o

89 949 237 1035 pellandi
262 950 358 1033 copia
381 971 447 1012 non
471 949 541 1012 fuit.

193 1051 366 1136 Iugurtha,
398 1050 455 1114 ubi
485 1073 541 1116 eos
563 1051 681 1115 Africa
705 1051 885 1116 decessisse
908 1062 997 1116 ratus
1021 1062 1071 1116 est
1087 1063 1123 1119 28

89 1178 198 1242 neque
221 1164 356 1241 propter
373 1154 439 1218 loci
453 1164 605 1218 naturam
623 1154 746 1218 Cirtam
763 1156 860 1217 armis
878 1176 1070 1240 expugnare

89 1270 213 1346 potest,
244 1257 331 1321 vallo
356 1267 454 1341 atque
478 1257 568 1321 fossa
590 1259 721 1320 moenia
744 1257 941 1335 circumdat,
972 1260 1070 1321 turris

89 1363 229 1427 exstruit
267 1384 388 1446 easque
425 1361 598 1446 praesidiis
631 1362 755 1442 tirmat3
794 1372 965 1447 praeterea
1000 1361 1069 1426 dies

88 1467 261 1550 noctisque
292 1474 348 1528 aut
375 1487 435 1548 per
464 1466 531 1527 vim
559 1474 615 1527 aut
639 1464 722 1528 dolis
744 1475 921 1550 temptare,
954 1465 1069 1529 defen-

89 1569 217 1634 soribus
240 1569 406 1631 moenium
428 1568 577 1651 praemia
599 1567 708 1645 modo,
735 1568 833 1632 modo
858 1568 1068 1632 formidinem

88 1682 268 1750 ostentare,
316 1693 391 1735 suos
428 1670 589 1735 hortando
629 1672 672 1735 ad
708 1675 862 1736 virtutem
908 1674 1067 1756 arrigere:

86 1799 221 1862 prorsus
266 1777 410 1839 intentus
451 1785 571 1840 cuncta
607 1798 735 1860 parare.
780 1774 965 1854 Adherbal,
1010 1775 1089 1839 ubis

86 1879 248 1964 intellegit
286 1880 390 1943 omnis
428 1901 503 1942 suas
542 1879 690 1943 fortunas
724 1881 757 1943 in
793 1888 939 1942 extremo
978 1880 1066 1956 sitas,

85 1982 215 2048 hostem
237 1982 409 2059 infestum,
445 1981 545 2045 auxili
570 2004 661 2066 spem
684 1980 823 2060 nullam,
854 1983 994 2066 penuria
1016 2003 1067 2044 re-

84 2110 157 2151 rum
180 2086 441 2150 necessariarum
463 2084 587 2148 bellum
610 2084 693 2148 trahi
717 2107 784 2148 non
807 2107 914 2170 posse,
944 2108 986 2148 ex
1010 2087 1065 2164 eis,

86 2191 141 2275 qui
174 2212 242 2253 una
273 2189 397 2254 Cirtam
431 2188 661 2273 profugerant,
702 2187 784 2252 duos
818 2211 972 2252 maxume
1006 2191 1065 2252 im-

84 2295 198 2378 pigros
221 2291 359 2376 delegit3
395 2315 451 2356 eos
478 2292 581 2356 multa
602 2292 790 2377 pollicendo
816 2315 855 2356 ac
878 2292 1067 2356 miserando

85 2417 200 2460 casum
223 2418 317 2459 suum
341 2396 526 2474 confirmat,
553 2397 600 2459 uti
623 2417 683 2480 per
704 2394 845 2459 hostiurn
868 2396 1066 2458 munitiones

83 2510 187 2564 noctu
209 2499 252 2563 ad
273 2521 471 2585 proxumum
494 2522 594 2578 mare,
624 2499 700 2562 dein
716 2499 855 2562 Romam
877 2509 1064 2583 pergerent.

83 2601 249 2667 Numidae
271 2605 387 2688 paucis
412 2602 528 2668 diebus
551 2606 639 2667 iussa
663 2603 826 2682 efficiunt3
850 2603 978 2666 litterae
994 2602 1065 2666 Ad·
1082 2610 1118 2666 24

83 2706 227 2772 herbalis
270 2708 304 2771 in
343 2718 458 2772 senatu
502 2711 673 2785 recitatae,
721 2729 858 2791 quarum
904 2707 1065 2769 sententia

83 2810 166 2875 haec
190 2809 267 2874 fuit:

182 2911 270 2978 ‘Non
301 2937 376 2978 mea
407 2915 505 2999 culpa
534 2937 633 2998 saepe
657 2913 699 2978 ad
722 2937 782 2978 vos
811 2923 937 2977 oratum
960 2914 1085 2990 mittas

82 3025 193 3101 patres
218 3019 410 3102 conscripti,
443 3017 501 3082 sed
524 3019 574 3080 vis
597 3016 774 3101 Iugurthae
799 3016 934 3101 subigit,
967 3037 1064 3100 quem

82 3129 176 3183 tanta
196 3119 310 3184 lubido
336 3120 568 3205 exstinguendi
591 3143 644 3185 me
667 3123 796 3199 invasit,
820 3131 856 3184 ut
873 3142 981 3205 neque
1004 3141 1064 3184 vos

81 3244 192 3306 neque
215 3221 296 3286 deos
318 3223 511 3286 immortalis
534 3226 568 3287 in
584 3226 692 3287 animo
716 3223 845 3301 habeat,
871 3225 1063 3306 sanguinem

81 3347 192 3390 meum
208 3347 307 3410 quarn
331 3328 441 3390 omnia
463 3327 564 3390 malit.
588 3329 698 3411 itaque
723 3329 871 3412 quintum
890 3328 956 3390 iam
971 3349 1084 3392 men-a

82 3450 152 3492 sem
187 3430 295 3492 socius
330 3439 363 3493 et
396 3432 520 3493 amicus
554 3431 667 3514 populi
696 3431 836 3494 Romani
871 3432 969 3494 armis
1004 3428 1061 3495 ob·

81 3553 192 3596 sessus
214 3541 338 3610 teneor,
362 3555 470 3617 neque
493 3532 571 3596 mihi
587 3533 747 3618 Micipsae
762 3535 864 3618 patris
880 3536 944 3597 mei
960 3532 1060 3598 bene·
