2392 3952
300 247 452 299 BELLUM
471 246 668 297 CATILINAE
687 247 797 298 27-28.
999 248 1038 312 19

60 438 185 500 Romae
208 433 310 498 multa
332 433 427 497 simul
450 433 571 497 moliri:
599 431 787 498 consulibus
811 432 945 496 insidias
969 444 1038 496 ten·

63 539 156 615 dere,
181 559 298 622 parare
321 535 490 613 incendia,
523 547 709 621 opportuna
730 535 805 601 loca
828 537 959 600 armatis
981 534 1038 599 ho·

61 640 202 704 minibus
233 640 400 721 obsiderc;
435 641 506 725 ipsc
537 663 611 705 cum
641 640 706 704 telo
736 663 821 719 esse,
857 642 935 705 item
958 640 1039 704 alios

61 743 184 822 iubere,
208 742 339 821 hortari,
364 745 411 807 uti
431 766 560 829 semper
582 746 697 808 intenti
720 746 891 830 paratique
915 753 1038 822 essent;

63 847 132 911 dies
166 848 339 931 noctisque
374 847 530 911 festinare
561 847 699 930 vigilare
733 869 840 932 neque
870 848 1039 910 insomniis

60 972 169 1034 neque
193 949 306 1014 labore
330 951 470 1034 fatigari.

164 1054 346 1131 Postremo,
381 1052 438 1117 ubi
467 1053 569 1117 multa
603 1055 740 1136 agitanti
771 1051 849 1116 nihil
879 1051 1060 1137 procedite

60 1179 171 1220 rursus
187 1158 384 1241 intempesta
399 1166 496 1220 nocte
521 1158 754 1220 coniurationis
777 1158 943 1242 principes
962 1179 1039 1221 con·

60 1269 160 1323 vocat
172 1258 215 1322 ad
227 1260 271 1322 M.
285 1260 439 1322 Porcium
451 1260 596 1323 Laecam
611 1258 722 1344 ibique
737 1259 840 1324 multa
853 1259 893 1325 de
906 1261 1060 1345 ignaviar
1088 1283 1125 1332 [e.

63 1384 176 1425 eorum
193 1374 326 1445 questus
343 1361 440 1426 docet
456 1385 490 1426 se
502 1362 659 1427 Manlium
683 1365 889 1448 praemisisse
906 1363 950 1427 ad
967 1386 1039 1428 eam
1074 1333 1138 1383 Μ’]

62 1463 313 1543 multitudinem,
349 1488 446 1550 quam
475 1465 519 1529 ad
542 1465 706 1550 capiunda
735 1489 826 1531 arma
854 1477 1038 1552 paraverat,

61 1574 139 1635 item
164 1568 245 1632 alios
268 1570 301 1633 in
326 1568 389 1631 alia
411 1568 485 1634 loca
509 1579 702 1654 opportuna,
735 1572 789 1655 qui
812 1571 939 1635 initium
962 1569 1040 1634 belli

63 1674 220 1750 facerent,
252 1694 351 1756 seque
375 1672 418 1735 ad
442 1674 623 1736 exercitum
652 1672 817 1757 proficisci
848 1695 978 1758 cupere,
1014 1675 1040 1736 si

62 1779 151 1860 prius
165 1776 359 1840 Ciceronem
376 1777 605 1859 oppressisset:
623 1798 698 1839 eum
715 1777 780 1839 suis
797 1775 941 1840 consiliis
957 1776 1039 1839 mul-

63 1890 131 1942 tum
149 1879 292 1942 officere.
317 1880 416 1962 igitur
430 1881 610 1962 perterritis
626 1901 665 1941 ac
683 1876 907 1941 dubitantibus
925 1880 1040 1941 ceteris
1058 1899 1093 1953 28

63 1981 100 2045 C.
126 1981 298 2046 Cornelius
329 2004 429 2065 eques
458 1982 626 2044 Romanus
660 2002 793 2064 operam
825 2002 917 2043 suam
947 1979 1040 2064 polli-

64 2088 146 2149 citus
171 2096 300 2149 etcum
324 2108 362 2149 eo
386 2087 425 2148 L.
443 2085 664 2169 Vargunteius
688 2093 819 2148 senator
842 2085 1040 2148 const'tuere

64 2211 103 2252 ea
126 2198 224 2252 nocte
253 2187 350 2272 paulo
380 2198 456 2273 post
485 2210 559 2252 cum
582 2190 714 2252 armatis
736 2187 922 2252 hominibus
946 2190 1040 2253 sicuti

63 2292 239 2355 salutatum
269 2293 403 2356 introire
433 2290 476 2355 ad
500 2291 695 2356 Ciceronem
723 2312 763 2356 ac
793 2291 833 2355 de
861 2293 1039 2375 improviso

63 2394 151 2459 domi
181 2417 259 2458 suae
288 2396 484 2480 imparatum
513 2394 702 2460 confodere.
739 2395 871 2473 Curius,
906 2393 962 2458 ubi
991 2397 1061 2460 ina

62 2498 196 2582 tellegit‚
222 2508 379 2582 quantum
401 2497 583 2582 periculum
600 2498 726 2563 consuli
741 2499 940 2584 impendeat,
964 2520 1039 2582 pro-

63 2625 142 2686 pere
175 2589 235 2686 per
264 2601 417 2666 Fulviam
441 2601 594 2667 Ciceroni
629 2602 740 2667 dolum
775 2605 831 2687 qui
864 2601 1042 2687 parabatur

64 2707 219 2768 enuntiat.
236 2707 282 2769 ita
293 2704 340 2769 illi
352 2707 451 2770 ianua
461 2704 617 2790 prohibiti
633 2715 758 2769 tantum
775 2705 903 2768 facinus
920 2706 1062 2769 frustras
1092 2730 1125 2778 [r.

64 2817 287 2892 susceperant.
1078 2782 1142 2831 ΝΜ

166 2912 297 2975 Interea
320 2911 462 2975 Manlius
484 2913 519 2974 in
540 2912 672 2976 Etruria
699 2911 832 2996 plebem
855 2911 1062 2987 sollicitare,4

64 3024 209 3098 egestate
245 3014 339 3078 simul
363 3037 402 3078 ac
426 3014 539 3080 dolore
573 3016 709 3079 iniuriae
743 3034 904 3079 novarum
932 3036 1041 3078 rerum

65 3117 233 3202 cupidam,
270 3117 359 3201 quod
383 3117 493 3183 Sullae
523 3117 745 3182 dominatione
769 3140 865 3202 agros
887 3115 1041 3200 bonaque

65 3223 174 3285 omnia
191 3223 353 3300 amiserat,
377 3232 550 3305 praeterea
564 3221 708 3286 latrones
725 3223 882 3306 cuiusque
901 3221 1040 3304 generis,

65 3346 204 3408 quorum
227 3327 261 3388 in
282 3346 320 3387 ea
343 3326 477 3407 regione
500 3346 622 3408 magna
645 3325 741 3410 copia
765 3333 842 3401 erat,
866 3321 1041 3387 nonnullos

64 3449 107 3490 ex
130 3426 274 3491 Sullanis
310 3427 456 3504 coloniis,
493 3426 611 3511 quibus
639 3425 752 3491 lubido
783 3435 881 3512 atquc
912 3426 1042 3491 luxuria

64 3554 107 3594 ex
129 3533 257 3615 magnis
281 3532 404 3615 rapinis
427 3528 506 3594 nihil
529 3529 645 3614 reliqui
669 3530 804 3596 fecerat

900 3629 936 3678 ἵ*
