2392 3952
324 248 476 300 BELLUM
495 248 694 298 CATILINAE
714 250 823 298 11-13.
1041 247 1061 310 9

82 441 278 523 sapientium
302 440 428 501 animos
451 437 606 520 fatigant:
644 458 686 499 ne
710 436 755 498 illi
780 439 940 520 corruptis
963 439 1061 501 mori·
1095 430 1099 437 ’

82 543 145 605 bus
168 543 325 605 victoriae
348 549 578 624 temperarent.
602 549 776 624 postquam
796 539 928 606 divitiae
945 539 1062 605 honori
1081 550 1114 605 12

83 668 156 708 csse
180 667 320 729 coepere
345 654 376 706 et
393 665 448 706 eas
472 643 576 729 gloria
591 642 763 727 imperium
781 645 929 728 potentia
946 667 1061 728 seque-

81 748 187 825 batur,
221 746 400 810 hebescere
424 748 535 823 virtus,
571 756 747 830 paupertas
781 745 901 831 probro
936 747 1060 825 haberi,

82 854 272 915 innocentia
295 873 353 934 pro
377 850 609 914 malevolentia
633 850 708 915 duci
732 852 849 935 coepit.
896 853 995 935 igitur
1020 875 1083 916 exa

82 955 204 1018 divitiis
248 957 451 1019 iuventutem
495 954 624 1017 luxuria
668 965 766 1038 atque
803 956 941 1018 avaritia
987 978 1061 1018 cum

82 1057 236 1142 superbia
269 1060 436 1122 invasore:
475 1080 591 1142 rapere
630 1079 832 1135 consumere,
872 1080 931 1121 sua
967 1060 1061 1142 parvi

82 1161 238 1245 pendere,
263 1162 370 1225 aliena
392 1183 521 1244 cupere,
546 1160 707 1244 pudorem
723 1159 923 1244 pudicitiam,
950 1159 1061 1225 divina

82 1276 181 1349 atque
200 1265 342 1328 humana
357 1267 553 1349 promiscua,
570 1263 650 1327 nihil
665 1266 758 1348 pensi
775 1286 883 1348 neque
898 1264 1061 1329 moderati

82 1366 214 1430 habere.
241 1389 359 1451 operae
383 1369 522 1451 pretium
539 1377 596 1444 est,
623 1389 696 1429 cum
714 1365 828 1430 domos
845 1376 942 1451 atque
965 1367 1082 1432 villass

82 1473 277 1553 cognoveris
301 1473 334 1534 in
356 1469 485 1534 urbium
512 1469 647 1533 modum
671 1469 914 1549 exaedificatas,
953 1473 1059 1536 visere

79 1575 204 1658 templa
227 1575 371 1652 deorum,
398 1597 481 1659 quae
504 1577 606 1638 nostri
629 1576 778 1652 maiores,
814 1573 1059 1658 religiosissumi

80 1677 243 1755 mortales,
270 1679 389 1742 fecere.
414 1700 528 1741 verum
551 1677 595 1741 illi
613 1676 750 1740 delubra
766 1677 903 1741 deorum
926 1672 1081 1762 pietates

80 1781 196 1845 domos
232 1805 305 1845 suas
340 1783 445 1867 gloria
467 1780 670 1845 decorabant
703 1803 810 1864 neque
838 1783 933 1843 victis
969 1783 1058 1865 quic-

82 1907 179 1968 quam
202 1896 333 1969 praeter
366 1887 502 1948 iniuriae
535 1885 702 1947 licentiam
733 1882 923 1966 eripiebant.
971 1883 1081 1946 athis

82 1998 196 2050 contra
229 1989 442 2071 ignavissumi
476 1986 624 2049 homines
659 2008 718 2069 per
755 2007 916 2048 summum
952 1986 1059 2049 scelus

82 2094 192 2153 onmia
215 2114 254 2154 ea
278 2092 374 2153 sociis
398 2088 551 2166 adimere,
592 2110 676 2172 quae
705 2087 883 2152 fortissumi
906 2091 967 2152 viri
990 2091 1059 2153 vic-

79 2205 167 2257 tores
191 2194 403 2277 reliquerant:
428 2191 566 2277 proinde
590 2193 682 2276 quasi
705 2193 855 2255 iniuriam
880 2192 1000 2270 facere,
1025 2193 1059 2256 id

80 2297 213 2360 demum
238 2306 323 2360 esset
345 2299 481 2381 imperio
505 2298 560 2360 uti.
604 2318 681 2359 nam
705 2295 784 2381 quid
807 2318 846 2359 ea
868 2319 1057 2375 memorem,
1076 2305 1111 2361 13

80 2423 165 2483 quae
188 2402 249 2463 nisi
275 2402 330 2478 eis,
355 2401 409 2484 qui
433 2399 556 2478 videre,
592 2402 713 2463 nemini
737 2398 908 2463 credibilia
931 2410 1015 2478 sunt,
1040 2424 1059 2464 a

79 2505 214 2586 privatis
239 2503 460 2588 complmibus
491 2503 667 2568 subvorsos
694 2506 823 2582 montis,
853 2506 956 2567 maria
980 2527 1058 2568 con-

80 2617 181 2670 strata
213 2607 306 2670 esse?
347 2607 463 2691 quibus
491 2606 569 2670 mihi
598 2607 751 2670 videntur
785 2606 926 2671 ludibrio
957 2607 1079 2672 fuisset

79 2708 228 2789 divitiae;
255 2712 384 2794 quippo,
410 2733 490 2794 quas
505 2710 641 2774 honeste
668 2709 790 2774 habere
813 2709 943 2790 licebat,
968 2711 1056 2775 abuti

79 2835 139 2895 per
161 2812 395 2896 turpitudinem
419 2813 649 2897 properabant.
674 2814 831 2878 vescendi
855 2837 955 2878 causa
970 2825 1079 2878 terras

78 2919 225 3000 marique
242 2919 350 2980 omnia
367 2919 554 3000 exquirere;
578 2916 728 2995 dormire,
745 2919 935 3002 priusquam
952 2920 1057 2981 somni

79 3019 199 3104 cupido
215 3032 308 3097 esset,
328 3044 393 3084 non
407 3022 527 3085 famem
541 3031 596 3084 aut
613 3023 698 3084 sitim
709 3044 817 3106 neque
833 3023 937 3105 frigus
949 3042 1057 3103 neque

78 3122 304 3188 lassitudinem
321 3127 471 3208 opperiri,
497 3123 556 3188 sed
572 3147 611 3188 ea
628 3127 737 3188 omnia
751 3124 832 3188 luxu
849 3134 1055 3206 antecapere.

78 3225 159 3288 haec
183 3229 394 3304 iuventutem,
420 3226 474 3291 ubi
499 3227 675 3290 familiares
692 3250 771 3312 opes
789 3226 989 3303 defecerant,
1014 3225 1079 3290 adr

78 3330 226 3393 facinora
246 3329 482 3394 incendebant:
507 3333 633 3394 animus
654 3330 796 3394 imbutus
820 3329 913 3393 malis
934 3330 1078 3394 artibuss

76 3433 165 3497 haud
187 3435 284 3498 facilc
307 3434 508 3499 lubidinibus
530 3434 677 3515 carebat;
703 3457 740 3498 eo
765 3435 930 3518 profusius
954 3436 1056 3497 omni-

76 3537 139 3599 bus
162 3539 267 3603 modis
292 3540 439 3622 quaestui
468 3549 565 3622 atque
590 3540 730 3622 sumptui
756 3536 884 3601 deditus
908 3548 986 3601 erat.
