2392 3952
162 234 205 298 62
365 233 517 285 11111111
534 221 799 285 mouermuuu
822 235 933 284 13-14.

162 420 251 484 ribus
276 421 440 505 expleant,
477 421 597 485 deinde
625 445 730 486 novos
755 423 940 507 adquirant,
974 435 1140 509 postremo

163 546 389 608 quaecumque
404 525 532 607 possint
546 524 720 608 largiundo
736 547 856 609 parare
871 548 912 589 ne
937 537 1141 592 cunctentur.

140 624 220 690 tsed
243 627 299 691 ubi
315 629 453 692 Romam
476 628 576 712 legati
594 651 717 691 venere
733 637 765 691 et
788 651 830 692 ex
852 641 1032 714 praecepto
1057 635 1142 717 regis

160 731 342 817 hospitibus
359 732 504 816 aliisque,
531 754 668 816 quorum
689 755 729 796 ea
751 743 944 817 tempestate
967 736 1003 797 in
1027 746 1142 799 senatu

161 838 337 899 auctoritas
371 834 526 920 pollebat,
562 858 683 919 magna
716 858 854 898 munera
886 837 1014 915 misere,
1049 848 1141 901 tanta

162 942 370 1003 commutatio
383 941 527 1017 incessit,
545 950 580 1002 ut
593 962 635 1003 ex
647 961 802 1002 maxuma
813 939 939 1003 invidia
950 942 983 1002 in
1000 943 1139 1024 gratiam

161 1051 192 1105 et
208 1043 357 1107 favorem
372 1043 550 1107 nobilitatis
567 1042 726 1126 Iugurtha
741 1045 882 1122 veniret3
908 1065 1047 1127 quorum
1062 1067 1139 1129 pars

138 1161 228 1229 espe,
253 1146 307 1209 alii
330 1148 476 1231 praemio
507 1146 635 1209 inducti
658 1146 807 1229 singulos
832 1169 874 1210 ex
897 1155 1013 1209 senatu
1036 1147 1139 1211 ambi-

158 1249 247 1312 undo
271 1248 467 1326 nitebantur,
504 1271 545 1311 ne
569 1250 701 1332 gravius
734 1250 769 1310 in
793 1271 867 1311 eum
902 1249 1138 1313 consuleretur.

137 1354 258 1435 sigitur
272 1351 328 1414 ubi
340 1352 439 1434 legati
456 1353 533 1414 satis
547 1351 725 1429 confidunt,
751 1350 804 1414 die
818 1353 998 1415 constituto·
1007 1363 1139 1416 senatus

158 1457 303 1539 utrisque
328 1455 431 1518 datur.
455 1464 524 1517 tum
538 1454 762 1518 Adherbalem
784 1454 848 1518 hoc
869 1454 967 1518 modo
991 1455 1139 1520 locutum

159 1560 362 1642 accepimus:

106 1669 140 1723 14
261 1662 386 1725 ‘Patres
410 1662 596 1744 conscripti,
621 1661 761 1744 Micipsa
776 1670 871 1744 pater
886 1683 978 1725 meus
993 1664 1138 1725 moriens

157 1766 234 1830 mihi
250 1767 429 1851 praecepit,
453 1776 489 1828 ut
504 1767 598 1849 regni
613 1763 788 1829 Numidiae
811 1764 1037 1828 tantummodo
1061 1788 1137 1850 pro-

159 1872 360 1933 curationem
384 1871 616 1933 existumarem
638 1891 754 1946 meam,
781 1879 925 1931 ceterum
948 1870 998 1931 ius
1022 1877 1054 1932 et
1076 1871 1137 1932 im-

156 1975 283 2056 perium
315 1975 383 2037 eius
416 1995 519 2057 penes
552 1995 612 2036 vos
636 1994 723 2052 esse,
759 1971 854 2034 simul
884 1974 1024 2035 eniterer
1047 1971 1137 2036 domi

156 2075 355 2160 militiaeque
372 2099 470 2160 quam
485 2099 639 2139 maxumo
657 2078 728 2138 usui
746 2098 819 2139 esse
834 2076 957 2160 populo
970 2075 1137 2155 Roman03

157 2200 216 2240 vos
239 2179 317 2241 mihi
341 2190 565 2263 cognatorum,
600 2202 660 2242 vos
684 2179 840 2242 adfinium
865 2179 938 2242 loco
964 2179 1137 2242 ducerem:

157 2282 183 2343 si
208 2304 247 2343 ea
270 2282 432 2358 fecissem,
456 2283 490 2344 in
513 2292 625 2345 vostra
647 2284 791 2346 amicitia
808 2285 989 2346 exercitum
1007 2281 1138 2346 divitias

135 2387 357 2447 amunimenta
368 2386 463 2467 regni
474 2407 527 2447 me
542 2384 738 2449 habiturum.
764 2409 848 2471 quae
866 2408 940 2449 cum
955 2396 1138 2471 praecepta

155 2490 300 2570 parentis
334 2490 398 2552 mei
433 2490 601 2572 agitarem,
635 2489 803 2574 Iugurtha,
842 2489 938 2552 homo
979 2491 1134 2568 omnium,

156 2612 237 2675 quos
260 2600 347 2655 terra
371 2594 516 2669 sustinet,
542 2592 831 2669 sceleratissumuS,
862 2601 1050 2676 contempto
1074 2594 1131 2656 im-

154 2697 244 2779 perio
262 2706 372 2758 vostro
389 2695 583 2758 Masinissae
598 2718 650 2759 me
667 2706 821 2780 nepotem
846 2706 877 2759 et
892 2697 957 2758 iam
974 2694 1015 2758 ab
1033 2697 1135 2780 stirpe

156 2800 279 2862 socium
309 2809 406 2882 atque
441 2801 582 2862 amicum
606 2800 719 2885 populi
742 2801 881 2864 Romani
904 2821 1006 2884 regno
1032 2796 1137 2863 fortu-

155 2903 270 2986 nisque
294 2901 444 2964 omnibus
469 2902 603 2986 expulit.

132 3028 145 3066 s
255 3004 365 3089 Atque
383 3028 453 3089 ego,
471 3015 581 3090 patres
598 3008 785 3090 conscripti,
810 3009 965 3092 quoniam
983 3030 1020 3070 eo
1037 3010 1135 3073 mise-

154 3111 274 3172 riarum
297 3120 453 3174 venturus
478 3132 576 3187 cram,
600 3110 721 3173 vellem
744 3112 853 3195 potius
873 3111 914 3175 ob
937 3133 1012 3175 mea
1035 3133 1135 3195 quam

155 3212 196 3276 ob
220 3215 379 3277 maiorum
412 3235 559 3277 meorum
592 3212 755 3277 beneficia
788 3236 887 3298 posse
909 3237 1004 3277 mea
1036 3214 1134 3279 vobis

154 3317 312 3380 auxilium
339 3326 452 3401 petere
481 3338 520 3379 ac
549 3338 702 3379 maxume
727 3315 840 3380 deberi
868 3317 946 3380 mihi
969 3316 1133 3383 beneficia

154 3442 174 3482 a
195 3421 317 3504 populo
341 3421 499 3498 Romano,
536 3418 653 3502 quibus
676 3442 743 3482 non
768 3441 913 3503 egerem;
948 3420 1131 3485 secundum

131 3543 201 3601 rea,
236 3525 262 3587 si
298 3523 516 3588 desideranda
541 3533 642 3600 erant,
673 3525 720 3586 uti
755 3522 874 3587 debitis
906 3531 1023 3586 uterer.
1071 3525 1132 3588 sed
