2392 3952
135 111 177 173 45
374 111 526 162 esctun
546 111 744 163 carrarum:
761 115 870 164 ss-sr.

137 317 191 380 ille
215 318 371 401 patricius
395 340 437 381 ex
460 328 558 402 gente
582 319 773 383 clarissuma
797 319 1037 400 Corneliorum,
1062 325 1112 408 qui

137 420 308 485 consulare
320 422 493 505 imperium
503 423 627 485 Romae
639 421 806 501 habuerat,
822 422 958 508 dignum
971 426 1113 489 moribus

136 525 297 609 factisque
334 527 399 588 suis
435 527 558 588 exitum
592 527 680 589 vitae
713 527 847 590 invenit.
895 527 936 591 de
968 527 1113 613 Cethego

136 625 262 691 Statilio
288 626 430 691 Gabinio
456 626 617 712 Caepario
650 628 766 692 eodem
794 629 896 693 modo-
918 630 1115 715 supplicium

136 740 300 815 sumptum
325 740 382 794 est.
891 748 892 753 ’

80 839 115 893 56
237 834 328 896 Dum
363 857 403 897 ea
426 834 549 897 Romae
585 845 752 918 geruntur,
789 835 931 914 Catilina
961 839 1115 900 exomni

31 941 32 944 ’
135 939 238 1021 copia,
264 959 363 1021 quam
388 948 419 1001 et
434 940 505 1022 ipse
521 937 708 1002 adduxerat
731 949 762 1001 et
778 939 920 1002 Manlius
942 938 1112 1019 habuerat,

134 1040 215 1103 duas
238 1040 387 1125 legiones
421 1043 568 1119 instituit,
606 1041 747 1105 cohortis
776 1065 836 1127 pro
871 1065 1008 1106 numero
1034 1044 1116 1108 mili-

110 1152 200 1208 rtum
226 1144 387 1228 complet;
415 1143 544 1222 deinde,
569 1155 604 1208 ut
627 1148 765 1230 quisque
780 1146 984 1210 voluntarius
1001 1157 1059 1210 aut
1074 1169 1115 1210 ex

133 1248 229 1309 sociis
253 1248 286 1310 in
311 1258 418 1311 castra
440 1259 585 1326 venerat,
623 1250 802 1333 aequaliter
826 1249 1046 1328 distribuerat,
1077 1273 1115 1313 ac

131 1348 224 1413 brevi
249 1353 353 1435 spatio
378 1352 524 1434 legiones
548 1374 683 1415 numero
713 1352 881 1417 hominum
911 1352 1114 1436 expleverat,

132 1475 207 1516 cum
230 1455 321 1517 initio
357 1477 423 1518 non
447 1455 586 1540 amplius
619 1455 746 1519 duobus
778 1455 908 1520 milibus
935 1455 1114 1520 habuisset.

108 1556 189 1621 ised
214 1581 256 1621 ex
281 1560 368 1621 omni
393 1560 488 1643 copia
523 1561 653 1622 circiter
675 1581 752 1642 pars
786 1568 902 1644 quarta
938 1569 1008 1622 erat
1032 1559 1115 1623 mili-

130 1660 254 1725 taribus
278 1663 376 1725 armis
399 1663 573 1741 instructa;
610 1663 719 1739 ceteri,
756 1671 791 1725 ut
819 1683 982 1747 quemque
1019 1684 1116 1725 casus

130 1776 324 1844 armaverat,
350 1788 464 1851 sparos
480 1776 536 1830 aut
558 1766 702 1842 lanceae,
728 1766 782 1829 alii
802 1775 998 1850 praeacutas
1023 1765 1115 1828 sudis

107 1870 315 1954 rportabant.
352 1869 411 1933 sed
444 1879 619 1954 postquam
654 1868 818 1933 Antonius
854 1891 928 1932 cum
965 1870 1116 1933 exercitu

129 1972 339 2049 adventabat,
377 1972 519 2036 Catilina
542 1995 602 2057 per
625 1974 744 2035 montis
767 1974 829 2036 iter
852 1973 973 2050 facere,
1009 1971 1111 2036 modo

129 2075 171 2138 ad
194 2075 318 2153 urbem,
348 2075 445 2140 modo
470 2079 503 2139 in
529 2076 672 2140 Calliam
696 2099 812 2139 vorsus
836 2086 943 2139 castra
965 2098 1112 2154 movere,

127 2178 274 2242 hostibus
299 2181 507 2242 occasionem
530 2178 701 2263 pugnandi
730 2201 796 2241 non
821 2177 915 2242 dare:
952 2180 1109 2263 sperabat

127 2281 320 2366 propediem
339 2304 475 2366 magnas
494 2284 606 2367 copias
626 2303 696 2345 sese
714 2281 909 2360 habiturum,
935 2285 961 2345 si
980 2283 1107 2347 Romae

106 2388 207 2449 ssocii
224 2388 356 2470 incepta
370 2388 599 2470 patravissent.
616 2387 742 2448 interca
755 2387 887 2448 servitia
899 2384 1106 2470 repudiabat,

128 2491 219 2552 cuius
253 2491 344 2553 initio
380 2488 422 2552 ad
447 2512 521 2553 eum
544 2510 684 2572 magnae
714 2491 828 2572 copiae
854 2483 1106 2569 concurrebant,

128 2591 244 2675 opibus
290 2594 522 2656 coniurationis
567 2592 679 2669 fretus,
725 2591 820 2655 simul
857 2591 1000 2655 alienum
1039 2595 1107 2656 suis

126 2695 307 2759 rationibus
331 2699 532 2759 existumans
568 2694 671 2760 videri
707 2718 839 2760 causam
875 2698 995 2759 civium
1030 2719 1107 2761 cum

74 2812 109 2866 57
127 2802 229 2862 servis
253 2800 399 2883 fugitivis
435 2801 738 2863 communicavisse.
779 2798 837 2862 sed
859 2810 1034 2884 postquam
1072 2802 1107 2864 in

128 2914 234 2967 castra
257 2905 390 2967 nuntius
412 2906 563 2988 pervenit
583 2903 707 2966 Romae
732 2906 990 2967 coniurationem
1013 2914 1107 2988 pate-

117 3007 258 3084 factam,
296 3005 336 3070 de
370 3006 512 3070 Lentulo
549 3016 581 3069 et
612 3006 758 3090 Cethego
795 3008 986 3091 ceterisque,
1022 3028 1107 3091 quos

127 3134 225 3195 supra
263 3112 451 3188 memoravi,
492 3111 689 3195 supplicium
728 3121 901 3194 sumptum,
944 3109 1105 3195 plerique,

125 3237 207 3299 quos
232 3214 275 3278 ad
297 3213 420 3277 bellmn
437 3235 513 3298 spes
529 3215 717 3298 rapinarum
742 3224 797 3277 aut
813 3235 972 3277 novarum
995 3235 1105 3277 rerum

126 3317 268 3381 studium
291 3318 461 3394 inlexerat,
487 3317 691 3397 dilabuntur;
715 3317 858 3401 reliquos
882 3316 1023 3381 Catilina
1045 3339 1108 3401 per

125 3423 243 3485 montis
268 3444 401 3506 asperos
424 3423 552 3505 magnis
575 3420 746 3485 itineribus
774 3423 807 3484 in
832 3443 946 3504 agrum
970 3419 1106 3484 Pistori·

566 3602 576 3636 t
