2392 3952
406 796 443 860 O.
472 795 693 860 SALLUSTI
722 795 869 861 CRISPI

231 1005 510 1104 BELLUM
537 1005 1049 1127 IUGURTHINUM.

589 1235 688 1242 --—-—

113 1408 130 1462 1
251 1369 353 1465 Falso
390 1402 535 1485 queritur
569 1399 610 1463 dc
645 1412 763 1465 natura
797 1425 855 1467 sua
886 1427 992 1488 genus
1014 1407 1132 1474 huma·

148 1528 235 1584 num,
260 1503 348 1589 quod
371 1503 536 1567 imbecilla
559 1514 656 1587 atque
680 1506 752 1568 aevi
775 1505 885 1570 brevis
909 1508 997 1574 forte
1020 1515 1133 1596 potius

126 1631 245 1694 squam
268 1610 387 1670 virtute
410 1616 551 1690 regatur.
575 1629 651 1669 nam
673 1618 788 1671 contra
809 1611 995 1694 reputando
1020 1638 1134 1701 neque

147 1714 250 1775 maius
278 1710 367 1774 aliud
394 1732 501 1794 neque
524 1709 752 1794 praestabilius
780 1714 929 1777 invenias
957 1720 1132 1804 magisque

147 1826 282 1879 naturae
304 1814 497 1878 industriam
518 1812 685 1876 hominum
710 1836 807 1898 quam
830 1818 896 1879 vim
920 1828 976 1880 aut
998 1829 1133 1907 tempus

125 1921 272 1984 adcesse.
318 1919 376 1982 sed
411 1918 480 1980 dux
503 1929 600 2002 atquc
628 1919 807 2002 imperator
829 1921 917 1984 vitae
939 1925 1133 1990 mortalium

148 2026 273 2086 animus
298 2032 355 2084 est.
402 2023 456 2105 qui
479 2021 535 2083 ubi
559 2020 602 2082 ad
631 2020 768 2104 gloriam
797 2024 924 2086 virtutis
953 2027 1009 2089 via
1038 2050 1132 2112 gras-

148 2135 245 2202 satur,
271 2123 402 2187 abunde
417 2123 545 2207 pollens
568 2133 751 2207 potensque
769 2135 800 2187 et
816 2125 924 2189 clarus
948 2137 997 2191 cst
1020 2153 1133 2216 neque

147 2229 279 2292 fortuna
303 2237 386 2311 eget,
426 2229 547 2311 quippe
570 2225 767 2311 probitatem
800 2228 995 2294 industriam
1031 2234 1131 2299 alias-

148 2354 211 2417 que
235 2333 311 2394 artis
335 2331 439 2396 bonas
463 2349 570 2415 neque
594 2330 672 2394 darc
688 2352 796 2415 neque
820 2335 953 2417 eripere·
973 2338 1132 2422 cuiquam

124 2445 268 2520 ipotcst3
305 2437 353 2498 sin
378 2446 492 2520 captus
525 2436 636 2519 pravis
661 2433 870 2519 cupidinibus
905 2436 948 2500 ad
976 2439 1134 2505 inertiam

148 2549 180 2602 et
201 2539 386 2623 voluptates
411 2541 557 2624 corporis
579 2561 711 2623 pessum
736 2537 830 2601 datus
855 2550 913 2618 est,
941 2543 1135 2625 perniciosa

146 2643 292 2708 lubidine
326 2644 493 2729 paulisper
526 2665 613 2720 usus,
648 2643 704 2706 ubi
737 2664 797 2726 per
832 2644 1018 2707 socordiam
1041 2649 1134 2713 vires

146 2758 275 2832 tempus
298 2749 466 2832 ingenium
490 2747 670 2823 diffluxere,
704 2756 841 2809 naturae
871 2747 1043 2811 infirmitas
1075 2773 1133 2815 ac·

148 2863 295 2916 cusatur:
320 2875 411 2915 suam
436 2854 572 2936 quisque
597 2851 728 2935 culpam
751 2860 902 2914 auctores
926 2850 969 2914 ad
992 2855 1132 2935 negotia

124 2956 357 3019 ttransferunt.
387 2955 474 3040 quod
492 2956 518 3018 si
533 2953 718 3018 hominibus
733 2952 895 3016 bonarum
911 2976 1021 3017 rerum
1035 2963 1134 3022 tanta

148 3082 226 3122 cura
250 3070 344 3138 esset,
380 3070 501 3144 quanto
526 3058 632 3121 studio
658 3057 764 3120 aliena
787 3079 826 3119 ac
850 3055 928 3119 nihil
951 3056 1133 3141 profutura

147 3163 312 3248 multaque
337 3165 434 3227 etiam
449 3161 635 3247 periculosa
657 3170 782 3244 petunt,
806 3182 915 3244 neque
931 3173 1132 3245 regerentur

147 3269 249 3350 magis
274 3291 371 3352 quam
394 3277 547 3352 regerent
563 3288 658 3329 casus
675 3275 707 3328 et
728 3287 766 3328 eo
790 3264 1027 3348 magnitudinis
1050 3288 1130 3350 pro·

148 3368 312 3448 cederent,
347 3371 402 3434 ubi
425 3393 485 3455 pro
509 3368 700 3433 mortalibus
724 3368 828 3452 gloria
851 3369 976 3431 aeterni
999 3367 1129 3435 fierent

111 3483 223 3538 anam
245 3475 291 3535 uti
315 3495 418 3557 genus
440 3473 608 3537 hominum
633 3472 849 3556 compositum
873 3494 915 3533 ex
940 3493 1080 3556 corpore
1098 3485 1132 3537 et
