2392 3952
167 215 205 278 12
404 212 555 265 BELLUM
574 211 771 263 CATILINAE
791 211 899 260 17-18.

165 400 322 478 Nobilior,
347 403 385 465 L.
411 401 565 478 Statilius,
590 402 626 465 P.
653 400 814 465 Gabinius
839 401 965 485 Capito,
998 399 1035 464 C.
1066 400 1152 466 Cor-

164 505 284 585 nelius;
309 504 428 569 adhoc
451 504 544 568 multi
561 527 603 568 ex
620 504 755 568 coloniis
779 514 811 567 et
832 504 1029 587 municipiis,
1057 503 1152 568 domi

142 608 300 672 5nobiles.
341 618 434 672 eraut
456 619 627 692 praeterea
651 607 835 691 complures
859 607 956 691 paulo
981 607 1152 672 occultius

165 712 280 776 consili
302 710 438 775 huiusce
461 713 637 796 participes
661 711 797 788 nobiles,
837 733 918 795 quos
946 711 1053 793 magis
1090 711 1151 775 do-

163 817 349 879 minationis
384 837 458 899 spes
492 814 683 878 hortabatur
718 836 815 898 quam
849 815 960 898 inopia
998 822 1055 877 aut
1082 813 1151 878 alia

141 917 380 982 ssnecessitudo.
400 928 544 981 ceterum
559 920 711 980 iuventus
727 917 894 1002 pleraque,
912 916 971 980 sed
986 939 1150 982 maxume

163 1022 331 1102 nobilium,
357 1021 520 1087 Catilinae
543 1024 683 1106 inceptis
699 1022 850 1086 favebat:
876 1020 993 1105 quibus
1016 1021 1051 1083 in
1079 1023 1148 1085 otio

163 1125 217 1189 vel
240 1127 414 1210 magnifice
430 1126 484 1189 vel
507 1125 648 1189 molliter
663 1126 775 1189 vivere
792 1126 889 1209 copia
912 1133 991 1201 erat,
1014 1125 1149 1188 incerta

141 1242 222 1311 lpro
262 1232 368 1306 certis,
404 1229 526 1292 bellum
551 1252 648 1312 quam
671 1251 787 1312 pacem
825 1227 1001 1291 malebant.
1049 1226 1148 1292 fuere

163 1333 240 1394 item
285 1354 323 1394 ea
366 1341 559 1415 tempestate
599 1333 653 1415 qui
693 1331 865 1395 crederent
901 1331 945 1394 M.
977 1330 1148 1394 Licinium

164 1433 318 1497 Crassum
342 1457 408 1497 non
432 1437 581 1517 ignarum
606 1437 674 1497 eius
699 1434 813 1498 consili
837 1435 954 1497 fuisse:
980 1435 1057 1517 quia
1083 1434 1147 1499 Cn.

163 1538 339 1621 Pompeius
362 1540 486 1600 invisus
509 1540 571 1622 ipsi
594 1559 750 1621 magnum
775 1539 956 1602 exercitum
974 1536 1147 1617 ductabat,

164 1643 306 1704 cuiusvis
336 1664 414 1724 opes
437 1642 578 1704 voluisse
603 1652 717 1705 contra
746 1641 831 1705 illius
861 1642 1040 1726 potentiam
1072 1662 1147 1705 cre-

163 1765 264 1821 scere,
290 1744 384 1807 simul
409 1744 576 1821 confisum,
602 1747 627 1808 si
648 1746 828 1809 coniuratio
852 1743 1017 1820 valuisset,
1042 1743 1148 1809 facile

164 1846 252 1931 apud
274 1847 346 1912 illos
370 1849 552 1933 principem
576 1870 610 1912 se
635 1848 715 1912 fore.

110 1960 143 2014 18
267 1950 333 2014 Sed
357 1962 453 2016 antea
477 1955 554 2015 item
575 1954 788 2016 coniuravere
812 1953 908 2036 pauci
933 1960 1049 2014 contra
1072 1973 1147 2016 rem

140 2052 338 2136 2publicam,
374 2057 407 2117 iu
443 2054 559 2138 quibus
590 2055 731 2120 Catilina
754 2057 830 2135 fuit;
867 2055 907 2118 de
943 2076 1007 2139 qua
1042 2075 1147 2136 quarn

73 2133 152 2250 vlla]
163 2159 341 2220 verissume
376 2168 490 2241 potero
526 2158 642 2221 dicam.
689 2161 726 2222 L.
752 2159 846 2223 Tullo
878 2169 910 2222 et
932 2158 986 2221 M!
1010 2157 1146 2241 Lepido

165 2260 352 2323 consulibus
375 2262 411 2323 P.
436 2260 616 2324 Autronius
640 2271 672 2325 et
694 2262 729 2323 P.
756 2260 846 2324 Sulla
875 2260 1036 2344 designati
1062 2283 1146 2326 con-

164 2362 249 2426 sules
279 2363 406 2447 legibus
436 2364 576 2427 ambitus
606 2367 797 2447 interrogati
821 2387 944 2452 poenas
969 2362 1145 2429 dederant.

140 2477 236 2550 ³post
258 2467 356 2550 paulo
382 2467 522 2531 Catilina
545 2470 757 2552 pecuniarum
786 2467 1042 2552 repetundarum
1065 2491 1146 2534 reus

162 2569 344 2654 prohibitus
368 2580 437 2634 erat
461 2571 666 2634 consulatum
689 2582 810 2655 petere,
840 2571 928 2655 quod
950 2573 1036 2634 iutra
1059 2569 1145 2655 legi-

139 2683 268 2736 ⁴tumos
293 2673 362 2737 dies
391 2675 537 2758 profiteri
567 2678 769 2759 nequiverat.
809 2685 877 2740 erat
906 2674 1023 2739 eodem
1057 2684 1145 2740 tem-

161 2799 240 2862 pore
264 2777 323 2841 Cu.
338 2778 424 2855 Piso,
445 2778 638 2842 adulescens
654 2779 782 2856 nobilis,
807 2803 952 2843 summae
969 2777 1143 2859 audaciae,

162 2903 261 2966 egens
285 2881 454 2958 factiosus
480 2905 576 2966 quem
600 2882 643 2945 ad
658 2882 915 2968 perturbandam
940 2905 1008 2946 rem
1031 2880 1143 2964 publi-

138 3004 233 3050 ⁵cam
267 2986 378 3069 inopia
413 2995 510 3068 atque
544 2986 620 3049 mali
656 3009 763 3050 moros
799 2986 1016 3050 stimulabant.
1064 3008 1144 3052 cum

160 3089 223 3153 hoc
240 3089 380 3154 Catilina
404 3098 435 3151 et
456 3087 635 3152 Autronius
660 3092 789 3153 circiter
813 3091 924 3153 Nonas
942 3088 1142 3156 Decembris

162 3193 296 3257 consilio
314 3193 553 3256 communicato
570 3193 731 3275 parabant
746 3195 780 3255 in
797 3192 959 3279 Capitolio
976 3194 1141 3259 Kalendis

160 3297 321 3362 Ianuariis
358 3298 396 3362 L.
433 3296 563 3361 Cottam
602 3308 633 3360 et
670 3298 708 3360 L.
746 3297 947 3380 Torquatum
986 3296 1139 3362 consules

162 3402 354 3478 interficere,
393 3402 454 3485 ipsi
493 3399 638 3463 fascibus
677 3403 835 3484 correptis
873 3401 1026 3464 Pisonem
1063 3421 1138 3466 cum

139 3505 310 3566 rexercitu
334 3505 374 3568 ad
400 3503 595 3569 obtinendas
620 3504 701 3567 duas
724 3505 901 3586 Hispanias
924 3506 1061 3568 mittere.
1099 3529 1138 3571 ea

92 3277 125 3325 [so

70 3357 90 3385 v.
103 3345 149 3395 cu]
