2392 3952
268 231 420 282 BELLUM
438 230 702 284 IUGUR'I'HINUM
720 234 830 284 ‘rs—29.
996 233 1036 296 ’Π

58 421 161 505 recipi
202 415 390 497 moenibus3
437 420 531 502 eique
571 417 762 496 decrevere,
801 421 863 482 nisi
899 441 1037 503 regnum

57 525 231 609 ipsumque
256 521 403 585 deditum
418 524 595 600 venissent,
619 524 715 585 11111
732 521 847 586 diebus
869 525 1037 607 proxumis

57 626 175 691 decem
187 625 284 690 Italia
308 624 517 689 decederent.
543 624 657 689 consul
673 624 823 689 Numidis
848 648 890 689 ex
907 636 1059 689 senatus³

56 730 193 794 decreto
217 731 359 792 nuntiari
383 727 488 808 iubet;
512 730 557 792 ita
573 728 704 792 infectis
727 727 825 792 rebus
840 728 887 792 illi
905 729 1037 793 domum

56 832 243 897 discedunt.

161 935 299 999 Interim
322 934 520 1020 Calpurnius
548 945 663 1020 parato
695 938 844 1000 exercitu
865 936 954 1019 legat
977 934 1061 999 sibir

57 1041 210 1106 homines
232 1036 352 1101 nobilis
375 1037 541 1115 factiosos,
567 1060 703 1122 quorum
725 1040 928 1115 auctoritate,
954 1059 1038 1121 quae

57 1142 261 1228 deliquisset,
285 1143 411 1205 munita
433 1140 505 1205 fore
529 1140 698 1226 sperabat,
722 1143 756 1204 in
772 1142 844 1226 quis
860 1141 921 1204 fuit
937 1139 1038 1205 Scau·

54 1268 122 1325 rus,
149 1247 242 1310 cuius
266 1245 307 1309 de
329 1255 447 1309 natura
469 1255 501 1309 et
515 1244 629 1308 habitu
652 1267 751 1330 supra
773 1246 1037 1309 memoravimus.

54 1372 135 1414 nam
150 1350 186 1412 in
202 1348 337 1413 consule
360 1358 471 1413 nostro
494 1348 616 1412 multae
639 1348 814 1432 bonaeque
835 1357 922 1411 artes
938 1349 1059 1414 1111111

56 1462 90 1518 11
107 1454 256 1537 corporis
272 1462 374 1531 erant,
400 1475 481 1537 quas
497 1455 602 1516 omnis
625 1454 763 1517 avaritia
786 1450 1037 1538 praepediebat:

55 1557 188 1642 patiens
210 1553 370 1633 laborum,
396 1558 463 1619 acri
485 1558 628 1641 ingenie,
653 1559 731 1620 satis
747 1555 936 1642 providens,
959 1554 1038 1618 belli

53 1659 147 1725 baud
161 1661 305 1744 ignarus.
322 1658 536 1723 firmissumus
552 1670 667 1724 contra
681 1659 829 1744 pericula
845 1669 877 1723 et
892 1657 1037 1722 insidias.

58 1762 119 1827 sed
135 1761 284 1847 legiones
298 1785 359 1846 per
368 1763 498 1826 Italiam
509 1764 649 1847 Regium
672 1774 771 1848 atque
791 1762 869 1827 inde
882 1761 1061 1839 Siciliame

57 1886 159 1950 porro
183 1887 226 1928 ex
250 1864 361 1929 Sicilia
383 1867 417 1929 in
432 1866 582 1929 Africam
605 1876 823 1930 transvectae.
847 1867 947 1949 igitur
963 1863 1059 1928 Cal-r

56 1969 197 2053 purnius
219 1969 311 2032 initio
327 1971 450 2053 paratis
468 1967 703 2032 commeatibus
718 1970 838 2032 acriter
849 1967 1038 2031 Numidiam

57 2072 227 2155 ingressus
262 2080 311 2135 111
344 2071 529 2156 multosque
562 2071 708 2136 mortalis
736 2082 768 2136 et
790 2071 880 2136 urbis
915 2070 1039 2155 aliquot

60 2174 243 2260 pugnando
290 2177 386 2260 cepit.
433 2175 491 2239 sed
528 2175 585 2239 ubi
620 2174 778 2260 Iugurtha
814 2198 875 2261 per
910 2175 1038 2259 legatos
1056 2192 1092 2248 29

58 2277 204 2362 pecunia
244 2287 405 2363 temptare
447 2277 607 2364 bellique,
654 2278 742 2364 quod
780 2276 1038 2355 administrabat,

58 2382 271 2465 asperitatem
295 2381 468 2445 ostendere
493 2383 610 2467 coepit,
635 2384 762 2446 animus
786 2404 886 2467 aeger
903 2383 1040 2445 avaritia

59 2483 161 2548 facile
190 2505 369 2548 convorsus
398 2495 454 2549 est.
494 2495 639 2550 ceterum
662 2487 770 2549 socius
794 2494 826 2549 et
848 2484 1061 2548 administera

58 2588 208 2650 omnium
224 2588 434 2652 consiliorum
451 2588 632 2652 adsumitur
645 2588 796 2667 Scaurus,
822 2589 886 2673 qui,
911 2590 1040 2651 tametsi

61 2713 81 2754 a
111 2691 274 2776 principio
312 2692 477 2777 plerisque
513 2716 555 2756 ex
588 2693 732 2756 factione
771 2694 840 2756 eius
879 2692 1040 2775 corruptis

60 2814 232 2858 acerrume
255 2817 368 2879 regem
390 2798 656 2880 impugnaverat,
680 2805 791 2859 tamen
813 2793 1040 2879 magnitudine

58 2899 221 2981 pecuniae
245 2920 265 2960 a
285 2897 374 2962 bono
404 2899 608 2983 honestoque
631 2902 665 2962 in
687 2921 826 2984 pravum
855 2898 1039 2962 abstractus

60 3008 118 3063 est.
147 2999 206 3064 sed
228 3000 387 3085 Iugurtha
408 3003 550 3086 primum
574 3001 800 3066 tantummodo
820 3000 899 3065 belli
913 3021 1060 3063 morama

58 3102 244 3168 redimebat
274 3107 477 3168 existumans
508 3128 579 3170 sese
611 3105 736 3190 aliquid
762 3106 892 3169 interim
915 3103 1040 3167 Romae

59 3207 166 3290 pretio
201 3217 257 3271 aut
288 3210 393 3292 gratia
427 3209 638 3288 effecturum
676 3218 792 3293 postea
824 3228 902 3270 vero
942 3229 1040 3291 quam

60 3311 257 3395 participem
286 3314 398 3396 negoti
429 3311 586 3376 Scaurum
618 3314 760 3396 accepit,
795 3313 829 3374 in
851 3331 1040 3373 maxumam

60 3435 154 3498 spem
185 3413 348 3478 adductus
377 3414 624 3499 recuperandae
647 3416 738 3499 pacis
762 3414 873 3477 statuit
895 3435 970 3476 cum
994 3414 1040 3476 eis

60 3516 104 3583 dc
135 3515 287 3583 omnibus
321 3517 529 3602 pactionibus
559 3540 716 3604 praesens
748 3539 855 3602 agere.
896 3526 1062 3579 1111111114
