2392 3952
111 189 131 252 6
254 224 256 226 ψ
367 185 519 237 BELLUM
537 185 736 237 CATILINAE
755 186 831 237 t-a.

112 384 271 461 quantum
277 373 370 438 brevi
378 374 528 437 creverit:
541 384 633 438 tanta
639 373 759 458 cupido
768 374 1104 458 gloriaeinoesserat.

90 482 177 544 siam
198 480 340 564 primum
363 479 525 555 iuventus,
561 477 656 541 simul
686 500 726 541 ac
755 477 833 542 belli
856 479 987 562 patiens
1015 491 1103 559 erat,

111 585 145 647 in
162 583 276 647 castris
292 600 352 665 per
368 579 516 644 laborem
532 603 627 644 usum
649 579 783 644 militiae
807 579 957 644 discebat
972 584 1104 668 magis-

112 708 175 771 que
203 687 237 749 in
262 683 390 751 decoris
420 685 517 747 armis
541 694 574 747 et
595 682 788 748 militaribus
820 685 911 768 equis
935 707 1040 768 quam
1065 689 1101 750 in

90 790 228 852 asconis
258 798 355 872 atque
380 788 539 851 conviviis
568 786 749 851 lubidinem
772 787 947 851 habebant.
995 789 1104 873 igitur

111 890 231 956 talibus
260 891 337 954 viris
372 913 439 954 non
473 889 568 954 labor
597 891 756 968 insolitus
792 914 858 955 non
886 891 979 955 locus
1008 893 1103 958 ullus

112 1017 209 1079 asper
238 1003 293 1058 aut
322 992 443 1057 arduus
473 1001 551 1068 erat,
587 1015 655 1057 non
683 1004 826 1057 armatus
854 993 955 1057 hostis
980 994 1100 1061 formi-

91 1097 262 1161 sdulosus:
319 1098 422 1160 virtus
468 1098 578 1160 omnia
624 1095 804 1160 domuerat.
866 1095 924 1160 sed
969 1097 1102 1182 gloriae

112 1222 301 1263 maxumum
338 1210 505 1262 certamen
539 1202 624 1263 inter
650 1202 739 1284 ipsos
764 1209 848 1264 erat:
888 1222 921 1264 se
953 1202 1100 1286 quisque

112 1302 239 1366 hostem
273 1302 381 1380 ferire,
413 1324 542 1365 murum
576 1302 790 1381 adscendere,
827 1304 983 1387 conspici,
1017 1303 1101 1369 dum

113 1405 178 1470 tale
202 1405 330 1469 facinus
354 1405 489 1483 faceret,
514 1405 729 1490 properabat:
766 1429 820 1471 eas
845 1407 1000 1483 divitias,¹
1022 1431 1101 1473 eain

114 1509 235 1573 bonam
270 1508 393 1572 famam
426 1531 655 1594 magnamque,
679 1508 884 1574 nobilitatem
921 1509 1099 1595 putabant.

114 1612 220 1675 laudis
248 1610 345 1688 avidi,
375 1613 535 1695 pecuniae
566 1611 718 1676 liberales
742 1624 849 1693 erant,
885 1613 1023 1696 gloriam
1046 1616 1101 1679 in-

93 1732 104 1770 τ
115 1726 256 1801 gentem,
271 1714 401 1778 divitias
413 1713 567 1779 honestas
580 1715 744 1780 volebant.
758 1739 940 1781 memorare
952 1738 1101 1800 possem,

116 1819 233 1904 quibus
262 1820 296 1884 in
325 1818 407 1885 locis
436 1841 607 1883 maxumas
635 1807 776 1882 hostium
807 1821 918 1903 copias
952 1821 1101 1902 populus
1135 1807 1136 1810 Ἴ

115 1925 281 1987 Romanus
312 1939 417 2008 parva
445 1946 544 1988 manu
572 1923 703 2001 fuderit,
740 1946 819 2007 (quas
854 1922 943 1986 urbis
977 1934 1100 1989 natura

115 2028 256 2090 munitas
278 2025 456 2110 pugnando
476 2029 608 2110 ceperit,
632 2028 666 2090 ni
685 2049 724 2090 ea
739 2049 791 2090 res
815 2026 944 2109 longius
967 2048 1028 2090 nos
1052 2029 1099 2093 ab

115 2130 248 2213 incepto
272 2127 423 2192 traheret.

219 2230 286 2295 Sed
315 2231 465 2316 profecto
498 2231 629 2294 fortuna
658 2232 691 2294 in
723 2234 809 2295 omni
833 2255 868 2296 re
894 2232 1099 2298 dominatur:

117 2356 156 2398 ea
189 2357 241 2399 res
270 2344 405 2398 cunctas
437 2357 479 2398 ex
507 2333 654 2398 lubidine
684 2337 788 2419 magis
819 2358 916 2419 quam
945 2359 987 2400 ex
1015 2359 1099 2402 vero

95 2438 263 2502 rcelebrat
279 2436 506 2521 obscuratque.
531 2436 780 2501 Atheniensium
797 2461 848 2501 res
861 2449 982 2522 gestae,
1001 2440 1098 2523 sicuti

118 2563 178 2625 ego
214 2551 370 2618 aestumo,
410 2543 487 2605 satis
525 2541 654 2624 amplae
692 2542 952 2626 magnificaeque
991 2543 1095 2621 fuere,

113 2667 231 2709 -verum
243 2645 413 2729 ¹aliquanto
427 2646 569 2709 minores
586 2654 705 2722 tamen,
724 2668 820 2729 quam
834 2645 923 2709 fama
936 2647 1096 2709 feruntur.

95 2748 177 2814 used
206 2749 282 2833 quia
304 2768 487 2832 provenere
511 2748 557 2812 ibi
588 2750 783 2832 scriptorum
807 2771 928 2834 magna
949 2750 1094 2828 ingenia,

117 2875 178 2939 per
189 2861 349 2916 terrarum
366 2850 479 2915 orbem
490 2850 740 2915 Atheniensium
754 2852 843 2915 facta
859 2875 919 2937 pro
933 2854 1097 2915 maxumis

96 2953 334 3020 rcelebrantur.
351 2955 397 3017 ita
410 2974 523 3017 eorum
536 2956 590 3038 qui
603 2953 713 3018 fecere
723 2957 825 3017 virtus
841 2964 933 3018 tanta
947 2951 1096 3033 habetur,

119 3067 276 3143 quantum
311 3078 383 3120 eam
414 3055 524 3119 verbis
562 3066 698 3140 potuere
734 3057 891 3121 extollere
925 3055 1095 3140 praeclara

96 3162 259 3248 singenia.
284 3169 317 3224 at
331 3157 453 3244 populo
471 3158 618 3222 Romano
640 3180 818 3242 numquam
842 3183 882 3223 ea
905 3159 1000 3242 copia
1024 3159 1095 3236 fuit,

119 3269 196 3352 quia
231 3263 513 3350 prudentissumus
552 3263 689 3346 quisque
719 3284 873 3326 maxume
904 3263 1093 3345 negotiosus

119 3379 203 3450 orat3
249 3368 416 3453 ingenium
459 3387 556 3429 nemo
602 3365 671 3428 sinc
717 3385 855 3446 corpore
901 3364 1094 3441 exercebat;

119 3484 271 3560 optumus
293 3472 437 3555 *quisque
461 3469 572 3533 facere
597 3490 694 3553 quam
719 3465 838 3543 dicere,
875 3491 934 3530 sua
957 3467 997 3531 ab
1024 3469 1094 3532 aliis

759 3560 916 3640 A
