2392 3952
336 248 489 300 BELLUM
508 244 706 298 CATILINAE
724 244 800 297 647.
1036 245 1057 309 5

80 441 227 524 imperio,
262 437 400 501 liberum
431 446 529 520 atque
558 433 708 500 solutum.
754 434 787 498 hi
815 444 989 518 postquam
1023 437 1080 498 ini

79 565 145 606 una
178 543 308 605 moenia
346 561 541 618 convenere,
581 538 704 623 dispari
739 558 869 622 genere,
910 537 1057 602 dissimili

79 645 201 730 lingua,
225 644 279 708 alii
295 644 358 707 alio
376 664 466 706 more
484 644 643 721 viventes,
667 640 861 706 incredibile
876 652 1058 706 memoratu

79 760 129 812 est
153 771 250 834 quam
274 747 373 810 facile
397 730 673 819 coaluerint2<ita
695 744 788 809 brevi
811 742 984 809 multitudo
1010 743 1057 807 di-

80 875 192 937 spersa
216 861 313 935 atque
331 873 417 934 vaga
441 838 621 914 concordia
643 847 759 913 civitas
783 850 872 913 facta
896 835 1080 939 erat>sed³

80 965 254 1040 postquam
276 977 328 1017 res
353 976 474 1031 eorum,
511 953 638 1017 civibus
660 952 807 1017 moribus
834 955 922 1036 agris
951 963 1057 1030 aucta,

80 1062 157 1122 satis
198 1080 357 1143 prospera
397 1059 540 1141 satisque
578 1056 706 1141 pollens
741 1053 924 1134 videbatur,
964 1057 1058 1119 sicuti

79 1163 236 1246 pleraque
260 1161 445 1225 mortalium
473 1160 644 1238 habentur,
669 1159 794 1223 invidia
822 1180 863 1222 ex
892 1158 1058 1243 opulentia

80 1276 152 1329 orta
195 1275 252 1328 est.
299 1267 397 1347 igitur
434 1286 528 1348 reges
572 1263 752 1348 populique
795 1263 933 1327 finitumi
969 1261 1081 1326 bellot

81 1379 251 1453 temptare,
276 1370 372 1452 pauci
397 1390 439 1451 ex
463 1369 575 1430 amicis
599 1367 721 1431 auxilio
746 1388 832 1446 esse;
857 1388 933 1430 nam
957 1367 1057 1430 ceteri

80 1482 169 1535 metu
191 1473 333 1556 perculsi
357 1495 376 1536 a
403 1472 557 1557 periculis
579 1471 726 1536 aberant.
751 1481 785 1534 at
807 1463 945 1535 Romani
970 1469 1081 1533 domi⁵

79 1574 279 1658 militiaeque
313 1573 429 1639 intenti
473 1574 629 1639 festinare
669 1597 796 1659 parare,
840 1573 921 1638 alius
960 1574 1058 1638 alium

78 1677 211 1756 hortari,
250 1677 397 1741 hostibus
433 1676 564 1741 obviam
601 1679 658 1755 ire,
697 1675 882 1741 libertatem
919 1677 1058 1761 patriam

75 1792 298 1864 >parentesque
323 1782 420 1843 armis
443 1791 565 1864 tegere.
589 1789 673 1865 post,
698 1780 753 1844 ubi
769 1780 917 1864 pericula
939 1781 1058 1842 virtute

79 1885 301 1969 propulerant,
338 1887 434 1948 sociis
464 1894 562 1968 atque
590 1885 703 1947 amicis
733 1883 856 1944 auxilia
884 1881 1060 1964 portabant

80 1989 250 2071 magisque
281 1987 398 2051 dandis
426 2009 524 2071 quam
552 1985 758 2070 accipiundis
787 1985 956 2050 beneficiis
980 1986 1058 2050 ami-

81 2093 173 2154 citias
196 2090 368 2174 parabant.
393 2092 565 2174 imperium
580 2090 782 2175 legitumum,
806 2111 927 2154 nomen
942 2091 1080 2175 imperis

80 2196 207 2277 regium
229 2192 411 2272 habebant;
448 2193 576 2273 delecti,
609 2193 727 2279 quibus
751 2217 869 2278 corpus
893 2196 987 2257 annis
1011 2196 1059 2257 in-

80 2297 218 2373 firmum,
243 2298 411 2381 ingenium
435 2299 595 2381 sapientia
609 2297 756 2362 validum
780 2308 857 2377 erat,
882 2299 928 2361 rei
952 2298 1059 2383 publi-

81 2422 141 2464 cae
158 2400 402 2465 consultabant:
428 2403 457 2464 ei
472 2401 525 2464 vel
542 2410 649 2466 aetate
665 2402 719 2465 vel
735 2424 833 2465 curae
850 2401 1059 2465 similitudine

81 2515 191 2590 patres
215 2503 475 2589 appellabantur.
520 2516 604 2589 post,
639 2504 695 2569 ubi
717 2508 843 2590 regium
878 2506 1080 2590 imperiumst

82 2607 171 2692 quod
193 2610 284 2671 initio
313 2607 560 2673 conservandae
583 2608 742 2673 libertatis
766 2619 864 2693 atque
888 2608 1060 2693 augendae

83 2714 129 2775 rei
152 2711 305 2796 publicae
329 2714 445 2791 fuerat,
469 2714 503 2776 in
527 2712 713 2798 superbiam
738 2712 1060 2796 dominationemque

83 2838 116 2880 se
135 2816 306 2894 convortit,
320 2817 489 2879 immutato
505 2838 596 2880 more
613 2839 723 2881 annua
738 2819 876 2901 imperia
897 2816 1059 2899 binosque

82 2921 295 3003 imperatores
330 2919 391 2983 sibi
426 2919 551 2984 fecere:
589 2942 626 2983 co
661 2919 759 2984 modo
790 2921 935 2984 minume
962 2941 1059 3004 posse

81 3022 242 3106 putabant
253 3045 313 3107 per
324 3023 490 3086 licentiam
502 3022 700 3087 insolescere
713 3024 856 3087 animum
871 3022 1059 3085 humanum.

186 3125 253 3190 Sed
282 3148 321 3189 ea
343 3136 537 3211 tempestate
566 3148 706 3210 coepere
736 3149 771 3190 se
795 3128 932 3210 quisque
955 3125 1094 3208 magis?

82 3228 240 3292 extollere
272 3232 442 3313 magisque
477 3232 644 3314 ingenium
673 3233 706 3293 in
740 3239 895 3315 promptu
926 3228 1058 3293 habere.

83 3355 159 3395 nam
193 3332 325 3416 regibus
359 3333 438 3397 boni
473 3357 570 3417 quam
605 3334 682 3398 mali
718 3335 936 3418 suspectiores
975 3340 1081 3411 sunta

84 3456 278 3520 semperque
308 3438 352 3500 eis
382 3437 488 3500 aliena
517 3439 619 3501 virtus
651 3436 867 3501 formidulosa
897 3446 954 3500 est.
1002 3436 1080 3500 sed-r

83 3539 199 3602 civitas
232 3540 426 3605 incredibile
460 3550 643 3605 memoratu
677 3550 726 3604 est
760 3539 881 3625 adepta
908 3539 1059 3606 libertate
