2392 3952
360 267 512 318 nannum
529 265 727 318 oarmmn
747 269 789 317 or.
1024 267 1065 330 37
1091 236 1093 240 V

81 456 256 521 iracundia
295 455 421 533 dicitur,
461 477 501 518 ea
537 456 571 517 in
608 456 745 539 imperio
781 455 936 539 superbia
968 465 1066 539 atque

85 559 263 624 crudelitas
301 559 495 643 appellatur.
542 557 695 642 equidem
730 581 791 646 ego
816 561 862 622 sie
894 561 1064 638 existumo,
1077 575 1101 616 ¹5

82 674 195 749 patres
232 663 418 746 conscripti,
456 663 559 725 omnis
594 663 757 725 cruciatus
791 664 934 726 minores
969 685 1066 746 quam

84 767 237 831 facinora
260 764 389 828 illorum
425 785 509 844 θεεθ;
546 764 604 828 sed
636 764 786 849 plerique
819 766 974 829 mortales
1006 788 1066 850 po-

83 870 390 934 stremameminere
403 878 435 932 et
446 870 481 932 in
492 867 677 932 hominibus
690 871 799 954 impiis
814 870 945 933 sceleris
954 891 1067 933 eorum

87 973 180 1038 obliti
204 972 245 1036 de
267 995 377 1057 poena
401 971 572 1050 disserunt,
598 975 624 1036 si
648 995 687 1037 ea
710 973 808 1058 paulo
834 975 979 1037 severior
995 973 1065 1036 fuit.

187 1077 230 1140 D.
264 1075 421 1153 Silanum,
460 1077 566 1139 virum
601 1077 720 1141 fortem
756 1088 854 1161 atque
890 1086 1066 1153 strenuum,
1077 1093 1101 1132 ιε

86 1191 178 1245 certo
203 1181 270 1242 seio
296 1202 381 1264 quae
412 1179 660 1268 dixerit,studio
684 1182 732 1243 rei
760 1180 914 1265 publicae
944 1178 1084 1265 dixisse,

85 1307 194 1368 neque
228 1285 319 1348 illum
353 1286 386 1347 in
424 1294 516 1347 tanta
549 1306 584 1347 re
618 1286 756 1368 gratiam
792 1293 848 1347 aut
880 1285 1066 1348 inimicitias

84 1409 257 1452 exercere:
294 1410 349 1450 eos
383 1409 491 1450 mores
527 1409 664 1471 eamque
695 1387 889 1451 modestiam
919 1389 980 1450 viri
1012 1409 1065 1450 eo·

83 1492 194 1576 gnovi.
240 1513 354 1554 verum
379 1492 540 1553 sententia
563 1491 632 1554 eius
650 1490 737 1554 ¹mihi
768 1514 835 1554 non
859 1489 1001 1554 crudelis
1024 1506 1099 1545 -17

84 1595 165 1680 quid
188 1597 275 1659 enim
298 1599 331 1658 in
354 1594 428 1658 talis
451 1594 599 1657 homines
623 1595 756 1658 crudele
779 1595 849 1659 lieri
872 1593 1003 1679 potest?
1023 1632 1064 1639 —

84 1699 142 1762 sed
161 1697 268 1763 aliena
284 1721 303 1760 a
319 1719 353 1760 re
369 1696 503 1780 publiea
519 1706 631 1760 nostra
653 1696 792 1760 videtur.
821 1720 897 1760 nam
912 1697 1063 1781 profecto
1075 1718 1099 1756 ιθ

83 1811 141 1867 aut
163 1811 269 1865 metus
292 1810 348 1863 aut
371 1801 488 1862 iniuria
510 1810 543 1863 te
567 1799 704 1883 subegit,
741 1798 860 1876 Silano,
897 1799 1064 1863 consulem

84 1905 302 1987 designatum,
338 1926 442 1988 genus
479 1925 607 1988 poenae
631 1925 752 1966 novum
788 1903 975 1966 decernere.
1023 1901 1064 1965 do
1076 1926 1099 1964 ιθ

83 2010 204 2071 timore
221 2029 504 2091 supervacaneum
528 2016 577 2069 θεῖ
593 2005 764 2084 disserere,
791 2028 865 2069 cum
880 2007 1073 2090 praesertim

84 2111 257 2195 diligentia
292 2109 473 2174 clarissumi
507 2112 568 2173 viri
604 2109 747 2174 consulis
777 2119 869 2173 tanta
900 2108 1067 2193 praesidia

84 2215 208 2278 sintin
231 2215 338 2276 armis
364 2212 405 2276 de
422 2235 532 2297 poena
553 2236 688 2297 possum
713 2213 865 2297 equidem
889 2213 1008 2290 dicere,
1032 2211 1066 2275 id
1076 2237 1101 2275 ro

85 2316 177 2402 quod
211 2340 263 2381 res
300 2316 408 2395 habet,
443 2319 478 2380 in
510 2317 602 2381 luctu
636 2329 733 2402 atque
757 2319 895 2382 miseriis
928 2321 1066 2380 mortem

85 2444 316 2486 aerumnarum
354 2423 509 2504 requiem,
549 2444 616 2484 non
655 2423 835 2485 cruciatum
874 2442 954 2497 esse,
994 2441 1066 2482 eam

86 2534 208 2588 cuncta
223 2524 410 2588 mortalium
426 2525 513 2587 mala
530 2524 718 2602 dissolvere,
743 2525 828 2589 ultra
843 2546 950 2608 neque
968 2545 1065 2587 curae

85 2650 195 2712 neque
240 2627 360 2712 gaudio
405 2627 514 2691 locum
553 2651 633 2692 θεεθ.
686 2627 753 2705 sed,
792 2651 852 2712 per
889 2627 968 2691 deos
1007 2629 1100 2690 im-sr

85 2731 243 2809 mortalis,
269 2753 367 2815 quam
391 2731 431 2794 ob
447 2754 518 2795 rem
540 2733 575 2796 in
591 2732 786 2795 sententiam
809 2753 876 2794 non
900 2729 1065 2807 addidisti,

86 2837 134 2899 uti
156 2837 246 2920 prius
270 2835 462 2898 verberibus
492 2837 526 2897 in
555 2857 611 2898 eos
640 2832 978 2896 animadverteretur?
1025 2855 1066 2894 an
1076 2857 1101 2896 n

87 2940 164 3022 quia
186 2939 243 3003 lex
265 2939 384 3001 Porcia
407 2937 517 3001 vetat?
541 2947 574 3001 at
589 2938 673 3001 aliae
696 2937 786 3020 leges
809 2938 887 2999 item
911 2934 1065 2999 condem-

87 3044 173 3106 natis
197 3041 323 3106 civibus
346 3064 413 3106 non
437 3043 580 3105 animam
604 3043 695 3125 eripi,
732 3039 790 3103 sed
825 3039 958 3103 exilium
991 3060 1065 3122 per·

87 3147 171 3210 mitti
198 3145 321 3209 iubent.
368 3169 410 3209 an
440 3148 515 3230 quia
544 3147 676 3229 gravius
706 3153 755 3207 θεῖ
777 3142 944 3206 verberari
968 3163 1101 3225 quamn

87 3249 222 3314 necari?
247 3250 326 3334 quid
350 3260 458 3314 autem
475 3248 630 3313 acerbum
647 3259 702 3312 aut
717 3249 813 3311 nimis
836 3267 937 3331 grave
961 3253 1010 3308 est
1032 3246 1065 3307 in

87 3354 236 3418 homines
260 3356 342 3416 tanti
366 3353 522 3416 facinoris
554 3351 745 3415 convictos?
784 3352 834 3413 sin
863 3350 939 3433 quia
961 3348 1066 3412 levius
1076 3372 1101 3410 a

88 3466 154 3520 est:
194 3458 248 3541 qui
273 3458 428 3520 convenit
450 3457 484 3519 in
506 3457 632 3519 minore
655 3458 786 3539 negotio
811 3454 918 3538 legem
940 3455 1065 3531 timere,

89 3582 165 3623 cum
188 3581 261 3623 eam
283 3562 317 3624 in
340 3562 463 3624 maiore
487 3559 695 3644 neglegeris?
