2392 3952
106 217 127 280 2
369 211 521 264 BELLUM
540 210 737 260 CATILINAE
757 212 832 261 2-3.

85 402 230 465 aPcstea
268 422 346 464 vere
392 421 489 483 quam
527 402 560 464 in
600 398 680 463 Asia
719 397 834 483 Cyrus,
875 400 909 463 in
949 399 1104 468 Graecia

111 504 368 570 Lacedaemonii
400 513 431 567 et
453 502 673 567 Athenienses
704 524 843 587 coepere
872 500 961 566 urbis
994 516 1102 591 atque

110 609 260 672 nationes
305 607 471 691 subigere,
509 606 691 671 lubidinem
730 605 921 670 dominandi
959 629 1104 676 causam

108 710 187 776 belli
210 710 343 789 habere,
368 733 556 775 maxumam
580 711 718 794 gloriam
734 712 767 773 in
783 732 937 773 maxumo
954 712 1102 797 imperio

111 826 235 899 putare,
270 825 338 876 tum
374 812 679 898 demumrperioulo
710 822 809 899 atque
839 815 979 897 negotiis
1005 837 1102 882 com-

109 929 237 1004 pertum
273 929 321 981 est
354 919 387 980 in
424 913 512 980 bello
550 917 739 1002 plurumum
776 918 945 1001 ingenium
983 941 1099 1003 pesse.

85 1021 198 1106 squod
222 1023 248 1084 si
272 1031 508 1113 regumatque
537 1022 772 1108 imperatorum
801 1022 903 1088 animi
922 1022 1032 1089 ¹virtus
1065 1028 1102 1089 in

110 1148 194 1210 pace
218 1127 321 1188 itaut
343 1126 376 1187 in
399 1123 486 1188 bello
511 1124 646 1202 valeret,
671 1121 875 1208 aequabilius
898 1133 996 1208 atque
1015 1149 1099 1194 con-

109 1230 245 1291 stantius
275 1250 346 1291 sese
377 1250 429 1291 res
462 1228 625 1292 humanae
659 1227 826 1306 haberent,
862 1250 969 1312 neque
1004 1230 1101 1296 aliud

110 1333 172 1397 alic
198 1332 276 1395 ferri
300 1353 407 1415 neque
430 1333 548 1394 mutari
572 1354 610 1396 ac
634 1334 764 1420 misceri
788 1332 900 1423 emnia
929 1354 1097 1421 cerneres.

85 1437 185 1503 inam
215 1434 387 1519 imperium
415 1433 513 1519 facile
544 1436 590 1498 eis
625 1434 748 1499 artibus
771 1435 938 1519 retinetur,
975 1436 1099 1526 quibus

85 1539 200 1604 sinitio
225 1536 354 1623 partum
383 1548 447 1618 est;
482 1538 609 1602 verum
630 1536 700 1627 'ribi‘
722 1561 780 1623 pro
810 1537 923 1603 labore
954 1538 1096 1631 desidia,

109 1663 168 1729 pro
195 1640 396 1707 continentia
420 1641 452 1707 et
474 1641 638 1731 aequitate
667 1642 780 1731 lubido
811 1654 908 1730 atque
938 1645 1098 1728 superbia

107 1747 274 1830 invasere,
295 1747 443 1811 ·f0rtuna
477 1746 572 1810 simul
607 1755 681 1811 cum
715 1747 860 1811 moribus
893 1749 1097 1836 immutatur.

87 1852 155 1915 cita
178 1846 350 1936 imperium
375 1871 504 1937 semper
526 1848 569 1914 ad
586 1848 755 1937 optumum
772 1872 934 1936 quemque
950 1853 1097 1937 agminus

108 1953 195 2018 buno
220 1956 424 2019 transfertur.
637 2034 641 2039 ⁵
979 2034 981 2037 Ι

87 2081 98 2120 ⁷
214 2056 307 2138 Quae
330 2057 478 2122 homines
503 2069 596 2122 arant
618 2062 777 2144 navigant
811 2047 994 2136 aedificant,
1024 2062 1096 2147 'vir-

86 2161 168 2223 stuti
193 2161 302 2224 omnia
325 2170 449 2244 parent.
463 2157 534 2224 'sed
556 2159 648 2224 multi
671 2162 834 2246 mortales,
861 2161 962 2226 dediti
983 2162 1096 2229 'ventri

109 2272 207 2349 atque
233 2284 357 2341 somno,
392 2262 516 2328 indocti
546 2262 725 2348 incultique
754 2267 856 2328 vitam
879 2268 974 2328 sicuti
998 2266 1094 2348 pere·

109 2365 277 2451 grinuntcs
300 2369 473 2432 transiere:
500 2364 616 2451 quibus
639 2366 789 2452 profecte
809 2375 1094 2452 *cuntranatm'am

110 2468 229 2555 cerpus
253 2470 422 2560 voluptati,
447 2472 556 2536 anima
568 2468 669 2535 ⁴oneri
687 2469 756 2532 fuit.
782 2491 894 2533 eorum
911 2491 972 2553 ego
989 2472 1093 2538 vitam

109 2585 312 2660 murtmuque
354 2573 445 2637 iuxta
484 2583 641 2650 aestuum,
674 2572 829 2655 quoniam
875 2572 915 2636 de
953 2583 1093 2658 utraque

87 2674 230 2741 ssilctur.
279 2698 392 2742 verum
427 2677 593 2740 enimvero
628 2677 655 2738 is
694 2674 826 2740 demum
858 2676 941 2740 'mihi
978 2679 1091 2744 vivere

110 2790 207 2867 utque
232 2780 296 2844 srui
313 2779 421 2865 unium
436 2778 576 2859 videtur,
602 2781 657 2864 qui
673 2778 781 2864 aliquo
799 2782 930 2864 negotio
948 2782 1092 2848 intentus

111 2881 271 2966 pmccluri
296 2881 451 2945 facinoris
475 2892 531 2946 aut
559 2883 635 2947 artis
664 2882 771 2947 bonae
800 2883 923 2946 famam
954 2888 1089 2968 quaerit.

213 2983 280 3047 Sed
304 2985 336 3047 in
360 3004 480 3068 magna
504 2987 599 3070 copia
628 3005 736 3051 rerum
766 2985 855 3050 aliud
886 2976 940 3052 alii
974 2998 1091 3054 natura

74 3092 91 3148 8
110 3087 171 3150 iter
195 3085 346 3150 ostendit.
371 3085 543 3171 pulchrum
567 3099 616 3153 est
630 3087 717 3154 bene
734 3088 845 3155 facere
861 3093 908 3154 rei
927 3091 1090 3180 publicae,

111 3190 208 3253 etium
237 3188 322 3253 bene
353 3188 462 3255 dicere
491 3191 580 3255 haud
609 3192 787 3257 absurdum
822 3204 885 3274 est,
920 3194 974 3258 vel
1007 3216 1090 3278 pace

111 3292 164 3358 vel
185 3291 273 3358 bello
299 3293 423 3358 clarum
445 3294 515 3359 fieri
539 3294 631 3376 licet3
668 3308 699 3361 et
735 3299 789 3381 qui
823 3297 935 3362 fecere
970 3306 1002 3361 et
1036 3303 1091 3382 qui

88 3396 201 3460 sfacta
224 3397 362 3462 aliorum
386 3399 556 3483 scripsere,
586 3400 678 3463 multi
707 3399 891 3464 laudantur.
938 3422 977 3465 ac
1012 3401 1089 3465 mihi
1131 3424 1135 3436 ·

112 3499 253 3584 quidem,
289 3504 416 3567 tametsi
445 3500 701 3589 haudquaquam
729 3526 790 3589 par
818 3503 922 3587 gloria
946 3507 1091 3591 sequitur
1136 3490 1142 3499 ’
