2392 3952
152 224 195 289 64
394 221 546 272 BELLUM
562 219 826 274 IUGUBTHINUM
848 221 906 292 14..

152 411 229 474 laeti
251 432 369 495 pacem
399 409 612 494 agitabamus,
648 410 769 492 quippe
793 410 866 492 quis
898 409 1002 472 hostis
1025 407 1132 472 nullus

118 534 141 571 ιι
154 523 231 591 erat,
262 515 323 576 nisi
358 513 442 576 forte
478 534 574 596 quem
597 533 656 575 vos
679 513 862 575 iussissetis.
909 533 988 575 ecce
1025 521 1133 575 autem

153 639 196 680 ex
218 618 394 700 improviso
417 615 583 700 Iugurtha,
614 615 822 680 intoleranda
844 615 985 679 audacia
1009 615 1133 679 scelere

153 729 251 803 atque
290 718 443 803 superbia
480 741 552 782 sese
584 719 743 795 ecferens,
784 719 885 781 fratre
922 740 996 782 meo
1036 727 1134 802 atque

154 823 270 887 eodem
304 824 488 907 propinquo
525 845 582 886 suo
617 822 790 886 interfecto
820 822 961 906 primum
995 844 1134 905 regnum

155 930 223 991 eius
246 926 378 990 sceleris
395 928 443 988 sui
465 925 623 1010 praedam
647 926 735 1003 fecit,
766 936 851 1010 post,
875 925 931 989 ubi
952 947 1006 988 me
1029 923 1134 988 isdem

156 1031 238 1094 dolis
271 1031 385 1114 nequit
419 1051 547 1114 capere,
587 1029 666 1092 nihil
699 1031 806 1092 minus
842 1052 940 1114 quam
974 1030 1044 1091 vim
1078 1037 1133 1090 aut

153 1134 275 1198 bellum
315 1142 562 1217 exspectantem
591 1135 626 1194 in
659 1134 795 1217 imperio
820 1142 942 1209 vostro,
978 1134 1064 1196 sicut
1087 1133 1133 1193 vi-

156 1237 248 1315 detis,
274 1247 437 1300 extorrem
461 1238 567 1320 patria
591 1235 698 1314 domo,
728 1238 861 1320 inopem
885 1245 918 1299 et
940 1245 1135 1320 coopertmn

117 1368 120 1375 ·
155 1341 292 1403 miseriis
316 1339 435 1416 effecit,
460 1349 495 1402 ut
509 1338 616 1402 ubivis
632 1341 731 1402 tutius
755 1362 853 1424 quam
876 1341 910 1403 in
933 1361 1006 1403 meo
1031 1361 1134 1424 regno

121 1461 146 1499 1²
157 1466 271 1508 essem.
318 1465 378 1526 ego
418 1444 464 1504 sic
503 1442 751 1520 existumabam,
796 1452 907 1526 patres
946 1444 1134 1527 conscripti,

156 1549 202 1611 uti
239 1544 487 1630 praedicantem
524 1544 715 1608 audiveram
751 1555 879 1630 patrem
917 1566 1041 1609 meum:
1082 1547 1136 1629 qui

156 1660 301 1713 vostram
324 1649 500 1711 amicitiam
531 1647 705 1730 diligenter
728 1648 883 1725 colerent,
920 1670 976 1712 eos
998 1649 1136 1713 multum

156 1752 303 1816 laborem
338 1753 514 1835 suscipere,
551 1761 695 1814 ceterum
725 1773 767 1814 ex
795 1751 946 1815 omnibus
980 1774 1137 1815 maxume

124 1874 147 1913 ¹³
156 1867 244 1920 tutos
267 1877 347 1918 esse.
394 1854 483 1940 quod
505 1856 539 1917 in
568 1854 692 1917 familia
714 1863 826 1918 nostra
857 1855 927 1933 fuit,
962 1856 1135 1939 praestitit,

156 1962 202 2023 uti
235 1961 269 2022 in
304 1958 454 2022 omnibus
488 1957 583 2021 bellis
618 1956 747 2021 adesset
781 1957 890 2022 vobis:
921 1980 982 2022 nos
1004 1959 1052 2020 uti
1076 1979 1138 2042 per

158 2065 258 2127 otium
281 2064 340 2125 tuti
365 2064 473 2139 simus,
508 2064 541 2124 in
565 2071 675 2123 vostra
698 2084 797 2124 manu
821 2071 878 2138 est,
913 2070 1024 2146 patres
1057 2082 1137 2125 con-

158 2167 280 2249 scripti.

124 2285 149 2323 1⁴
260 2267 359 2330 Pater
392 2289 453 2330 nos
488 2266 569 2330 duos
603 2267 720 2330 fratres
749 2267 893 2351 reliquit,
928 2270 1060 2333 tertium
1083 2270 1138 2333 Iu-

158 2368 309 2454 gurtham
331 2368 501 2433 beneficiis
525 2371 590 2432 suis
613 2380 701 2432 ratus
734 2382 782 2433 cst
805 2373 1018 2436 coniunctum
1041 2373 1139 2438 nobis

159 2474 240 2537 fore.
287 2472 368 2537 alter
403 2495 514 2536 eorum
548 2483 684 2536 necatus
709 2485 765 2552 est,
801 2474 934 2539 alterius
969 2478 1040 2560 ipse
1076 2499 1138 2562 ego

126 2592 275 2639 1⁶manus
309 2578 426 2661 impias
459 2580 518 2640 vix
551 2579 661 2663 effugi.
707 2580 786 2664 quid
820 2579 939 2660 agam?
987 2591 1043 2644 aut
1073 2605 1138 2667 quo

159 2681 375 2764 potissumum
412 2680 530 2744 infelix
567 2681 747 2745 accedam?
797 2685 927 2767 generis
972 2685 1142 2769 praesidia

162 2784 270 2846 omnia
294 2784 456 2845 exstincta
480 2793 568 2846 sunt:
603 2794 705 2869 pater,
736 2788 782 2849 uti
806 2797 942 2850 necesse
966 2797 1045 2865 erat,
1081 2811 1140 2851 na·

160 2898 253 2950 turae
277 2888 454 2966 concessit,
494 2888 595 2966 fratri,
621 2911 718 2974 quem
741 2892 884 2953 minume
908 2889 1028 2968 decuit,
1062 2913 1141 2975 pro·

161 2992 301 3075 pinquus
336 3011 395 3073 per
429 2991 535 3053 scelus
569 2994 669 3056 vitam
693 2995 825 3077 eripuit,
863 2993 979 3056 adfinis
996 2995 1141 3058 'amicos

160 3095 364 3178 propinquos
387 3103 513 3157 ceteros
529 3117 620 3159 meos
636 3095 735 3158 alium
751 3096 816 3159 alia
832 3096 944 3160 clades
961 3098 1140 3181 oppressit:

163 3198 250 3280 capti
273 3195 314 3259 ab
338 3196 495 3280 Iugurtha
515 3220 592 3282 pars
614 3200 648 3262 in
673 3221 804 3262 crucem
829 3201 902 3276 acti,
926 3222 1003 3284 pars
1026 3199 1142 3264 bestiis

163 3297 282 3362 obiecti
306 3309 396 3379 sunt;
420 3301 527 3383 pauci,
553 3300 669 3385 quibus
685 3302 799 3365 relicta
823 3313 871 3365 est
895 3304 1011 3380 anima,
1037 3302 1141 3366 clausi

162 3400 362 3464 intenebris
386 3424 460 3465 cum
483 3425 631 3467 maerore
656 3414 687 3468 et
709 3405 800 3468 luctu
822 3415 926 3468 morte
954 3408 1142 3489 graviorem

130 3521 154 3561 16
162 3506 263 3568 vitam
298 3507 443 3589 exigunt.
490 3508 514 3570 si
550 3509 667 3585 omnia,
702 3529 787 3593 quae
814 3517 870 3570 aut
897 3510 988 3571 amisi
1014 3519 1070 3571 aut
1099 3522 1142 3573 cx
