<?xml version="1.0" encoding="UTF-8"?>
<!DOCTYPE html PUBLIC "-//W3C//DTD XHTML 1.0 Transitional//EN"
    "http://www.w3.org/TR/xhtml1/DTD/xhtml1-transitional.dtd">
<html xmlns="http://www.w3.org/1999/xhtml" xml:lang="en" lang="en">
 <head>
  <title>
</title>
<meta http-equiv="Content-Type" content="text/html;charset=utf-8" />
  <meta name='ocr-system' content='tesseract 3.04.00' />
  <meta name='ocr-capabilities' content='ocr_page ocr_carea ocr_par ocr_line ocrx_word'/>
</head>
<body>
  <div class='ocr_page' id='page_1' title='image "bellumcatilinae00persgoog_0015.png"; bbox 0 0 2392 3952; ppageno 0'>
   <div class='ocr_carea' id='block_1_1' title="bbox 115 218 840 288">
    <p class='ocr_par' dir='ltr' id='par_1_1' title="bbox 115 218 840 288">
     <span class='ocr_line' id='line_1_1' title="bbox 115 218 840 288; baseline 0.007 -21"><span class='ocrx_word' id='word_1_1' title='bbox 115 224 137 288; x_wconf 83' lang='lat'>4</span> <span class='ocrx_word' id='word_1_2' title='bbox 372 219 523 275; x_wconf 79' lang='lat' dir='ltr'><strong>BELLUM</strong></span> <span class='ocrx_word' id='word_1_3' title='bbox 542 218 740 273; x_wconf 76' lang='lat' dir='ltr'>CATILINAE</span> <span class='ocrx_word' id='word_1_4' title='bbox 751 221 840 273; x_wconf 78' lang='lat'><strong>‚4-6..</strong></span> 
     </span>
    </p>
   </div>
   <div class='ocr_carea' id='block_1_2' title="bbox 77 407 1104 3597">
    <p class='ocr_par' dir='ltr' id='par_1_2' title="bbox 91 407 1104 602">
     <span class='ocr_line' id='line_1_2' title="bbox 91 407 1104 496; baseline 0.004 -22"><span class='ocrx_word' id='word_1_5' title='bbox 91 407 250 494; x_wconf 66' lang='lat' dir='ltr'>epericuli</span> <span class='ocrx_word' id='word_1_6' title='bbox 273 411 429 478; x_wconf 88' lang='lat' dir='ltr'>novitate.</span> <span class='ocrx_word' id='word_1_7' title='bbox 476 408 517 474; x_wconf 89' lang='lat' dir='ltr'>de</span> <span class='ocrx_word' id='word_1_8' title='bbox 542 412 633 476; x_wconf 88' lang='lat' dir='ltr'>cuius</span> <span class='ocrx_word' id='word_1_9' title='bbox 655 410 795 477; x_wconf 90' lang='lat' dir='ltr'>hominis</span> <span class='ocrx_word' id='word_1_10' title='bbox 818 408 963 475; x_wconf 90' lang='lat' dir='ltr'>moribus</span> <span class='ocrx_word' id='word_1_11' title='bbox 986 435 1104 496; x_wconf 90' lang='lat' dir='ltr'>pauca</span> 
     </span>
     <span class='ocr_line' id='line_1_3' title="bbox 113 512 1100 602; baseline 0.007 -27"><span class='ocrx_word' id='word_1_12' title='bbox 113 515 203 602; x_wconf 77' lang='lat' dir='ltr'>prius</span> <span class='ocrx_word' id='word_1_13' title='bbox 216 512 426 598; x_wconf 84' lang='lat' dir='ltr'>explananda</span> <span class='ocrx_word' id='word_1_14' title='bbox 439 524 522 592; x_wconf 90' lang='lat' dir='ltr'>sunt,</span> <span class='ocrx_word' id='word_1_15' title='bbox 542 536 639 599; x_wconf 86' lang='lat' dir='ltr'>quarn</span> <span class='ocrx_word' id='word_1_16' title='bbox 652 514 946 579; x_wconf 73' lang='lat' dir='ltr'>initium²narrandi</span> <span class='ocrx_word' id='word_1_17' title='bbox 960 515 1100 582; x_wconf 86' lang='lat' dir='ltr'>faciam.</span> 
     </span>
    </p>

    <p class='ocr_par' dir='ltr' id='par_1_3' title="bbox 77 616 1103 807">
     <span class='ocr_line' id='line_1_4' title="bbox 77 616 1103 703; baseline 0.005 -22"><span class='ocrx_word' id='word_1_18' title='bbox 77 616 96 669; x_wconf 76' lang='grc'>5</span> <span class='ocrx_word' id='word_1_19' title='bbox 215 617 254 681; x_wconf 90' lang='lat' dir='ltr'>L.</span> <span class='ocrx_word' id='word_1_20' title='bbox 280 616 430 695; x_wconf 77' lang='lat' dir='ltr'>Catilina,</span> <span class='ocrx_word' id='word_1_21' title='bbox 459 616 562 681; x_wconf 90' lang='lat' dir='ltr'>nobili</span> <span class='ocrx_word' id='word_1_22' title='bbox 592 640 713 703; x_wconf 82' lang='lat' dir='ltr'>genere</span> <span class='ocrx_word' id='word_1_23' title='bbox 742 629 847 697; x_wconf 74' lang='lat' dir='ltr'>natue,</span> <span class='ocrx_word' id='word_1_24' title='bbox 884 619 945 682; x_wconf 86' lang='lat' dir='ltr'>fuit</span> <span class='ocrx_word' id='word_1_25' title='bbox 972 641 1103 703; x_wconf 89' lang='lat' dir='ltr'>magna</span> 
     </span>
     <span class='ocr_line' id='line_1_5' title="bbox 113 720 1099 807; baseline 0.007 -24"><span class='ocrx_word' id='word_1_26' title='bbox 113 721 145 783; x_wconf 82' lang='lat' dir='ltr'>vi</span> <span class='ocrx_word' id='word_1_27' title='bbox 170 730 201 783; x_wconf 90' lang='lat' dir='ltr'>et</span> <span class='ocrx_word' id='word_1_28' title='bbox 224 721 324 786; x_wconf 89' lang='lat' dir='ltr'>animi</span> <span class='ocrx_word' id='word_1_29' title='bbox 348 731 379 784; x_wconf 89' lang='lat' dir='ltr'>et</span> <span class='ocrx_word' id='word_1_30' title='bbox 396 722 552 804; x_wconf 87' lang='lat' dir='ltr'>corporis,</span> <span class='ocrx_word' id='word_1_31' title='bbox 577 720 637 785; x_wconf 89' lang='lat' dir='ltr'>sed</span> <span class='ocrx_word' id='word_1_32' title='bbox 653 723 785 804; x_wconf 89' lang='lat' dir='ltr'>ingenio</span> <span class='ocrx_word' id='word_1_33' title='bbox 809 721 895 786; x_wconf 91' lang='lat' dir='ltr'>malo</span> <span class='ocrx_word' id='word_1_34' title='bbox 911 745 1099 807; x_wconf 86' lang='lat' dir='ltr'>pravoque.</span> 
     </span>
    </p>

    <p class='ocr_par' dir='ltr' id='par_1_4' title="bbox 91 820 1099 1011">
     <span class='ocr_line' id='line_1_6' title="bbox 91 820 1098 908; baseline 0.009 -27"><span class='ocrx_word' id='word_1_35' title='bbox 91 821 188 886; x_wconf 76' lang='lat' dir='ltr'>rhuic</span> <span class='ocrx_word' id='word_1_36' title='bbox 205 820 245 887; x_wconf 89' lang='lat' dir='ltr'>ab</span> <span class='ocrx_word' id='word_1_37' title='bbox 263 822 488 891; x_wconf 77' lang='lat' dir='ltr'>adnleseentia</span> <span class='ocrx_word' id='word_1_38' title='bbox 503 822 592 890; x_wconf 88' lang='lat' dir='ltr'>bella</span> <span class='ocrx_word' id='word_1_39' title='bbox 606 824 769 901; x_wconf 89' lang='lat' dir='ltr'>intestina,</span> <span class='ocrx_word' id='word_1_40' title='bbox 795 823 924 902; x_wconf 86' lang='lat' dir='ltr'>caedes,</span> <span class='ocrx_word' id='word_1_41' title='bbox 945 825 1098 908; x_wconf 84' lang='lat' dir='ltr'>rapinae,</span> 
     </span>
     <span class='ocr_line' id='line_1_7' title="bbox 115 925 1099 1011; baseline 0.005 -22"><span class='ocrx_word' id='word_1_42' title='bbox 115 926 281 991; x_wconf 77' lang='lat' dir='ltr'>discordia</span> <span class='ocrx_word' id='word_1_43' title='bbox 298 927 401 992; x_wconf 87' lang='lat' dir='ltr'>civilis</span> <span class='ocrx_word' id='word_1_44' title='bbox 418 936 511 1011; x_wconf 87' lang='lat' dir='ltr'>grata</span> <span class='ocrx_word' id='word_1_45' title='bbox 527 926 630 1005; x_wconf 89' lang='lat' dir='ltr'>fuere,</span> <span class='ocrx_word' id='word_1_46' title='bbox 654 925 765 1011; x_wconf 84' lang='lat' dir='ltr'>ibique</span> <span class='ocrx_word' id='word_1_47' title='bbox 781 929 983 992; x_wconf 87' lang='lat' dir='ltr'>iuventutem</span> <span class='ocrx_word' id='word_1_48' title='bbox 1000 950 1099 994; x_wconf 86' lang='lat' dir='ltr'>suam</span> 
     </span>
    </p>

    <p class='ocr_par' dir='ltr' id='par_1_5' title="bbox 91 1029 1099 1116">
     <span class='ocr_line' id='line_1_8' title="bbox 91 1029 1099 1116; baseline 0.005 -24"><span class='ocrx_word' id='word_1_49' title='bbox 91 1031 270 1095; x_wconf 75' lang='lat' dir='ltr'>aexereuit.</span> <span class='ocrx_word' id='word_1_50' title='bbox 288 1052 407 1115; x_wconf 88' lang='lat' dir='ltr'>corpus</span> <span class='ocrx_word' id='word_1_51' title='bbox 419 1032 547 1115; x_wconf 85' lang='lat' dir='ltr'>patiens</span> <span class='ocrx_word' id='word_1_52' title='bbox 562 1030 692 1095; x_wconf 88' lang='lat' dir='ltr'>inediae</span> <span class='ocrx_word' id='word_1_53' title='bbox 709 1031 830 1114; x_wconf 84' lang='lat' dir='ltr'>algoris</span> <span class='ocrx_word' id='word_1_54' title='bbox 845 1029 976 1114; x_wconf 87' lang='lat' dir='ltr'>vigiliae</span> <span class='ocrx_word' id='word_1_55' title='bbox 994 1053 1099 1116; x_wconf 86' lang='lat' dir='ltr'>supra</span> 
     </span>
    </p>

    <p class='ocr_par' dir='ltr' id='par_1_6' title="bbox 90 1132 1098 1530">
     <span class='ocr_line' id='line_1_9' title="bbox 90 1132 1098 1219; baseline 0.002 -22"><span class='ocrx_word' id='word_1_56' title='bbox 90 1151 212 1218; x_wconf 68' lang='lat' dir='ltr'>tquam</span> <span class='ocrx_word' id='word_1_57' title='bbox 229 1137 381 1219; x_wconf 87' lang='lat' dir='ltr'>cuiquam</span> <span class='ocrx_word' id='word_1_58' title='bbox 399 1134 556 1200; x_wconf 77' lang='lat' dir='ltr'>credibile</span> <span class='ocrx_word' id='word_1_59' title='bbox 573 1144 630 1198; x_wconf 89' lang='lat' dir='ltr'>est.</span> <span class='ocrx_word' id='word_1_60' title='bbox 656 1136 783 1198; x_wconf 89' lang='lat' dir='ltr'>animus</span> <span class='ocrx_word' id='word_1_61' title='bbox 800 1134 910 1199; x_wconf 88' lang='lat' dir='ltr'>audax</span> <span class='ocrx_word' id='word_1_62' title='bbox 934 1132 1098 1199; x_wconf 88' lang='lat' dir='ltr'>subdolus</span> 
     </span>
     <span class='ocr_line' id='line_1_10' title="bbox 113 1236 1096 1317; baseline -0.002 -16"><span class='ocrx_word' id='word_1_63' title='bbox 113 1238 232 1317; x_wconf 86' lang='lat' dir='ltr'>varius,</span> <span class='ocrx_word' id='word_1_64' title='bbox 279 1239 370 1301; x_wconf 91' lang='lat' dir='ltr'>cuius</span> <span class='ocrx_word' id='word_1_65' title='bbox 398 1239 445 1302; x_wconf 92' lang='lat' dir='ltr'>rei</span> <span class='ocrx_word' id='word_1_66' title='bbox 474 1237 566 1302; x_wconf 90' lang='lat' dir='ltr'>lubet</span> <span class='ocrx_word' id='word_1_67' title='bbox 595 1236 763 1302; x_wconf 83' lang='lat' dir='ltr'>simulator</span> <span class='ocrx_word' id='word_1_68' title='bbox 791 1260 830 1301; x_wconf 90' lang='lat' dir='ltr'>ac</span> <span class='ocrx_word' id='word_1_69' title='bbox 862 1237 1096 1317; x_wconf 87' lang='lat' dir='ltr'>dissimulator,</span> 
     </span>
     <span class='ocr_line' id='line_1_11' title="bbox 113 1339 1096 1427; baseline 0 -23"><span class='ocrx_word' id='word_1_70' title='bbox 113 1340 211 1405; x_wconf 92' lang='lat' dir='ltr'>alieni</span> <span class='ocrx_word' id='word_1_71' title='bbox 228 1351 396 1427; x_wconf 88' lang='lat' dir='ltr'>appetens,</span> <span class='ocrx_word' id='word_1_72' title='bbox 414 1343 463 1404; x_wconf 85' lang='lat' dir='ltr'>sui</span> <span class='ocrx_word' id='word_1_73' title='bbox 475 1340 638 1425; x_wconf 88' lang='lat' dir='ltr'>profusus,</span> <span class='ocrx_word' id='word_1_74' title='bbox 656 1341 776 1405; x_wconf 86' lang='lat' dir='ltr'>ardens</span> <span class='ocrx_word' id='word_1_75' title='bbox 791 1343 826 1405; x_wconf 92' lang='lat' dir='ltr'>in</span> <span class='ocrx_word' id='word_1_76' title='bbox 843 1339 1096 1426; x_wconf 89' lang='lat' dir='ltr'>cupiditatibus;</span> 
     </span>
     <span class='ocr_line' id='line_1_12' title="bbox 114 1444 1097 1530; baseline 0.002 -22"><span class='ocrx_word' id='word_1_77' title='bbox 114 1446 191 1512; x_wconf 84' lang='lat' dir='ltr'>satis</span> <span class='ocrx_word' id='word_1_78' title='bbox 215 1444 431 1530; x_wconf 82' lang='lat' dir='ltr'>eloquentiae,</span> <span class='ocrx_word' id='word_1_79' title='bbox 463 1446 642 1528; x_wconf 84' lang='lat' dir='ltr'>sapientiae</span> <span class='ocrx_word' id='word_1_80' title='bbox 665 1465 796 1529; x_wconf 90' lang='lat' dir='ltr'>parum:</span> <span class='ocrx_word' id='word_1_81' title='bbox 830 1454 941 1507; x_wconf 82' lang='lat' dir='ltr'>vastus</span> <span class='ocrx_word' id='word_1_82' title='bbox 965 1445 1097 1510; x_wconf 86' lang='lat' dir='ltr'>animus</span> 
     </span>
    </p>

    <p class='ocr_par' dir='ltr' id='par_1_7' title="bbox 90 1545 1094 1631">
     <span class='ocr_line' id='line_1_13' title="bbox 90 1545 1094 1631; baseline -0.001 -19"><span class='ocrx_word' id='word_1_83' title='bbox 90 1547 328 1615; x_wconf 67' lang='lat' dir='ltr'>bimmoderata</span> <span class='ocrx_word' id='word_1_84' title='bbox 350 1545 558 1612; x_wconf 85' lang='lat' dir='ltr'>incredibilia</span> <span class='ocrx_word' id='word_1_85' title='bbox 573 1548 669 1611; x_wconf 87' lang='lat' dir='ltr'>nimis</span> <span class='ocrx_word' id='word_1_86' title='bbox 686 1548 752 1611; x_wconf 89' lang='lat' dir='ltr'>alta</span> <span class='ocrx_word' id='word_1_87' title='bbox 775 1569 904 1631; x_wconf 90' lang='lat' dir='ltr'>semper</span> <span class='ocrx_word' id='word_1_88' title='bbox 927 1545 1094 1630; x_wconf 88' lang='lat' dir='ltr'>cupiebat.</span> 
     </span>
    </p>

    <p class='ocr_par' dir='ltr' id='par_1_8' title="bbox 90 1649 1095 1944">
     <span class='ocr_line' id='line_1_14' title="bbox 90 1649 1095 1736; baseline 0.002 -21"><span class='ocrx_word' id='word_1_89' title='bbox 90 1651 200 1715; x_wconf 70' lang='lat' dir='ltr'>ohunc</span> <span class='ocrx_word' id='word_1_90' title='bbox 222 1661 297 1736; x_wconf 87' lang='lat' dir='ltr'>post</span> <span class='ocrx_word' id='word_1_91' title='bbox 321 1650 577 1717; x_wconf 87' lang='lat' dir='ltr'>dominationem</span> <span class='ocrx_word' id='word_1_92' title='bbox 599 1651 639 1717; x_wconf 87' lang='lat' dir='ltr'>L.</span> <span class='ocrx_word' id='word_1_93' title='bbox 664 1650 774 1716; x_wconf 86' lang='lat' dir='ltr'>Sullae</span> <span class='ocrx_word' id='word_1_94' title='bbox 799 1649 913 1715; x_wconf 92' lang='lat' dir='ltr'>lubido</span> <span class='ocrx_word' id='word_1_95' title='bbox 937 1673 1095 1717; x_wconf 85' lang='lat' dir='ltr'>maxuma</span> 
     </span>
     <span class='ocr_line' id='line_1_15' title="bbox 113 1752 1094 1840; baseline -0.001 -22"><span class='ocrx_word' id='word_1_96' title='bbox 113 1757 279 1820; x_wconf 82' lang='lat' dir='ltr'>invaserat</span> <span class='ocrx_word' id='word_1_97' title='bbox 302 1756 349 1820; x_wconf 90' lang='lat' dir='ltr'>rei</span> <span class='ocrx_word' id='word_1_98' title='bbox 370 1752 524 1839; x_wconf 89' lang='lat' dir='ltr'>publicae</span> <span class='ocrx_word' id='word_1_99' title='bbox 548 1756 742 1840; x_wconf 85' lang='lat' dir='ltr'>capiundae,</span> <span class='ocrx_word' id='word_1_100' title='bbox 772 1777 890 1840; x_wconf 89' lang='lat' dir='ltr'>neque,</span> <span class='ocrx_word' id='word_1_101' title='bbox 914 1754 949 1818; x_wconf 90' lang='lat' dir='ltr'>id</span> <span class='ocrx_word' id='word_1_102' title='bbox 973 1753 1094 1839; x_wconf 86' lang='lat' dir='ltr'>quibus</span> 
     </span>
     <span class='ocr_line' id='line_1_16' title="bbox 112 1858 1093 1944; baseline -0.002 -21"><span class='ocrx_word' id='word_1_103' title='bbox 112 1858 219 1923; x_wconf 88' lang='lat' dir='ltr'>modis</span> <span class='ocrx_word' id='word_1_104' title='bbox 236 1858 480 1944; x_wconf 85' lang='lat' dir='ltr'>adsequeretur,</span> <span class='ocrx_word' id='word_1_105' title='bbox 506 1859 584 1925; x_wconf 90' lang='lat' dir='ltr'>dum</span> <span class='ocrx_word' id='word_1_106' title='bbox 601 1859 661 1923; x_wconf 92' lang='lat' dir='ltr'>sibi</span> <span class='ocrx_word' id='word_1_107' title='bbox 680 1881 819 1944; x_wconf 88' lang='lat' dir='ltr'>regnum</span> <span class='ocrx_word' id='word_1_108' title='bbox 833 1870 975 1944; x_wconf 89' lang='lat' dir='ltr'>pararet,</span> <span class='ocrx_word' id='word_1_109' title='bbox 1000 1861 1093 1942; x_wconf 91' lang='lat' dir='ltr'>quic-</span> 
     </span>
    </p>

    <p class='ocr_par' dir='ltr' id='par_1_9' title="bbox 91 1959 1096 2256">
     <span class='ocr_line' id='line_1_17' title="bbox 91 1959 1094 2048; baseline 0.001 -24"><span class='ocrx_word' id='word_1_110' title='bbox 91 1984 213 2046; x_wconf 82' lang='lat' dir='ltr'>rquam</span> <span class='ocrx_word' id='word_1_111' title='bbox 234 1963 328 2045; x_wconf 88' lang='lat' dir='ltr'>pensi</span> <span class='ocrx_word' id='word_1_112' title='bbox 351 1959 504 2026; x_wconf 87' lang='lat' dir='ltr'>habebat.</span> <span class='ocrx_word' id='word_1_113' title='bbox 529 1960 715 2048; x_wconf 81' lang='lat' dir='ltr'>agitabatur</span> <span class='ocrx_word' id='word_1_114' title='bbox 737 1963 841 2046; x_wconf 87' lang='lat' dir='ltr'>magis</span> <span class='ocrx_word' id='word_1_115' title='bbox 864 1964 1034 2047; x_wconf 82' lang='lat' dir='ltr'>magisque</span> <span class='ocrx_word' id='word_1_116' title='bbox 1058 1964 1094 2026; x_wconf 90' lang='lat' dir='ltr'>in</span> 
     </span>
     <span class='ocr_line' id='line_1_18' title="bbox 114 2062 1096 2150; baseline 0.001 -23"><span class='ocrx_word' id='word_1_117' title='bbox 114 2062 184 2128; x_wconf 90' lang='lat' dir='ltr'>dies</span> <span class='ocrx_word' id='word_1_118' title='bbox 207 2066 334 2129; x_wconf 92' lang='lat' dir='ltr'>animus</span> <span class='ocrx_word' id='word_1_119' title='bbox 350 2064 447 2128; x_wconf 84' lang='lat' dir='ltr'>ferox</span> <span class='ocrx_word' id='word_1_120' title='bbox 461 2065 573 2150; x_wconf 90' lang='lat' dir='ltr'>inopia</span> <span class='ocrx_word' id='word_1_121' title='bbox 588 2068 635 2130; x_wconf 90' lang='lat' dir='ltr'>rei</span> <span class='ocrx_word' id='word_1_122' title='bbox 657 2065 827 2129; x_wconf 88' lang='lat' dir='ltr'>familiaris</span> <span class='ocrx_word' id='word_1_123' title='bbox 843 2074 875 2128; x_wconf 89' lang='lat' dir='ltr'>et</span> <span class='ocrx_word' id='word_1_124' title='bbox 891 2066 1096 2128; x_wconf 88' lang='lat' dir='ltr'>conscientia</span> 
     </span>
     <span class='ocr_line' id='line_1_19' title="bbox 113 2168 1094 2256; baseline 0 -26"><span class='ocrx_word' id='word_1_125' title='bbox 113 2168 283 2247; x_wconf 87' lang='lat' dir='ltr'>scelerum,</span> <span class='ocrx_word' id='word_1_126' title='bbox 320 2191 403 2254; x_wconf 90' lang='lat' dir='ltr'>quae</span> <span class='ocrx_word' id='word_1_127' title='bbox 431 2179 571 2256; x_wconf 91' lang='lat' dir='ltr'>utraque</span> <span class='ocrx_word' id='word_1_128' title='bbox 601 2172 647 2234; x_wconf 89' lang='lat' dir='ltr'>eis</span> <span class='ocrx_word' id='word_1_129' title='bbox 678 2169 801 2234; x_wconf 89' lang='lat' dir='ltr'>artibus</span> <span class='ocrx_word' id='word_1_130' title='bbox 825 2177 970 2246; x_wconf 87' lang='lat' dir='ltr'>auxerat,</span> <span class='ocrx_word' id='word_1_131' title='bbox 1010 2188 1094 2251; x_wconf 87' lang='lat' dir='ltr'>quas</span> 
     </span>
    </p>

    <p class='ocr_par' dir='ltr' id='par_1_10' title="bbox 90 2272 1092 2565">
     <span class='ocr_line' id='line_1_20' title="bbox 90 2272 1092 2357; baseline -0.001 -23"><span class='ocrx_word' id='word_1_132' title='bbox 90 2293 212 2357; x_wconf 78' lang='lat' dir='ltr'>usupra</span> <span class='ocrx_word' id='word_1_133' title='bbox 233 2273 423 2338; x_wconf 83' lang='lat' dir='ltr'>memoravi.</span> <span class='ocrx_word' id='word_1_134' title='bbox 447 2273 630 2338; x_wconf 88' lang='lat' dir='ltr'>incitabant</span> <span class='ocrx_word' id='word_1_135' title='bbox 650 2281 820 2356; x_wconf 88' lang='lat' dir='ltr'>praeterea</span> <span class='ocrx_word' id='word_1_136' title='bbox 844 2272 987 2353; x_wconf 86' lang='lat' dir='ltr'>corrupti</span> <span class='ocrx_word' id='word_1_137' title='bbox 1012 2272 1092 2333; x_wconf 87' lang='lat' dir='ltr'>civi-</span> 
     </span>
     <span class='ocr_line' id='line_1_21' title="bbox 112 2372 1091 2460; baseline -0.004 -19"><span class='ocrx_word' id='word_1_138' title='bbox 112 2375 187 2441; x_wconf 86' lang='lat' dir='ltr'>tatis</span> <span class='ocrx_word' id='word_1_139' title='bbox 211 2396 328 2454; x_wconf 89' lang='lat' dir='ltr'>mores,</span> <span class='ocrx_word' id='word_1_140' title='bbox 353 2398 434 2460; x_wconf 90' lang='lat' dir='ltr'>quos</span> <span class='ocrx_word' id='word_1_141' title='bbox 449 2398 603 2460; x_wconf 90' lang='lat' dir='ltr'>pessuma</span> <span class='ocrx_word' id='word_1_142' title='bbox 618 2396 657 2437; x_wconf 88' lang='lat' dir='ltr'>ac</span> <span class='ocrx_word' id='word_1_143' title='bbox 675 2372 807 2436; x_wconf 86' lang='lat' dir='ltr'>divorsa</span> <span class='ocrx_word' id='word_1_144' title='bbox 830 2374 914 2436; x_wconf 90' lang='lat' dir='ltr'>inter</span> <span class='ocrx_word' id='word_1_145' title='bbox 938 2394 971 2434; x_wconf 89' lang='lat' dir='ltr'>se</span> <span class='ocrx_word' id='word_1_146' title='bbox 994 2372 1091 2451; x_wconf 86' lang='lat' dir='ltr'>mala,</span> 
     </span>
     <span class='ocr_line' id='line_1_22' title="bbox 112 2478 733 2565; baseline -0.002 -23"><span class='ocrx_word' id='word_1_147' title='bbox 112 2478 243 2544; x_wconf 85' lang='lat' dir='ltr'>luxuria</span> <span class='ocrx_word' id='word_1_148' title='bbox 266 2490 363 2565; x_wconf 91' lang='lat' dir='ltr'>atque</span> <span class='ocrx_word' id='word_1_149' title='bbox 386 2482 532 2557; x_wconf 88' lang='lat' dir='ltr'>avaritia,</span> <span class='ocrx_word' id='word_1_150' title='bbox 556 2478 733 2544; x_wconf 86' lang='lat' dir='ltr'>vexabant.</span> 
     </span>
    </p>

    <p class='ocr_par' dir='ltr' id='par_1_11' title="bbox 91 2579 1092 3184">
     <span class='ocr_line' id='line_1_23' title="bbox 91 2579 1092 2668; baseline -0.001 -22"><span class='ocrx_word' id='word_1_151' title='bbox 91 2607 103 2646; x_wconf 80' lang='lat' dir='ltr'>a</span> <span class='ocrx_word' id='word_1_152' title='bbox 217 2585 282 2649; x_wconf 85' lang='lat' dir='ltr'>Res</span> <span class='ocrx_word' id='word_1_153' title='bbox 305 2586 377 2668; x_wconf 89' lang='lat' dir='ltr'>ipsa</span> <span class='ocrx_word' id='word_1_154' title='bbox 398 2583 520 2647; x_wconf 88' lang='lat' dir='ltr'>hortari</span> <span class='ocrx_word' id='word_1_155' title='bbox 538 2581 677 2660; x_wconf 85' lang='lat' dir='ltr'>videtur,</span> <span class='ocrx_word' id='word_1_156' title='bbox 703 2582 856 2667; x_wconf 89' lang='lat' dir='ltr'>quoniam</span> <span class='ocrx_word' id='word_1_157' title='bbox 881 2579 922 2644; x_wconf 89' lang='lat' dir='ltr'>de</span> <span class='ocrx_word' id='word_1_158' title='bbox 945 2579 1092 2645; x_wconf 89' lang='lat' dir='ltr'>moribus</span> 
     </span>
     <span class='ocr_line' id='line_1_24' title="bbox 114 2684 1092 2771; baseline -0.002 -20"><span class='ocrx_word' id='word_1_159' title='bbox 114 2689 255 2753; x_wconf 80' lang='lat' dir='ltr'>civitatis</span> <span class='ocrx_word' id='word_1_160' title='bbox 278 2697 406 2771; x_wconf 90' lang='lat' dir='ltr'>tempus</span> <span class='ocrx_word' id='word_1_161' title='bbox 423 2684 602 2764; x_wconf 88' lang='lat' dir='ltr'>admonuit,</span> <span class='ocrx_word' id='word_1_162' title='bbox 627 2706 726 2768; x_wconf 85' lang='lat' dir='ltr'>supra</span> <span class='ocrx_word' id='word_1_163' title='bbox 740 2694 889 2769; x_wconf 91' lang='lat' dir='ltr'>repetere</span> <span class='ocrx_word' id='word_1_164' title='bbox 914 2707 952 2748; x_wconf 88' lang='lat' dir='ltr'>ac</span> <span class='ocrx_word' id='word_1_165' title='bbox 976 2688 1092 2768; x_wconf 86' lang='lat' dir='ltr'>paucis</span> 
     </span>
     <span class='ocr_line' id='line_1_25' title="bbox 113 2777 1092 2873; baseline -0.003 -18"><span class='ocrx_word' id='word_1_166' title='bbox 113 2792 260 2855; x_wconf 86' lang='lat' dir='ltr'>instituta</span> <span class='ocrx_word' id='word_1_167' title='bbox 282 2791 441 2853; x_wconf 87' lang='lat' dir='ltr'>maiorum</span> <span class='ocrx_word' id='word_1_168' title='bbox 466 2786 554 2851; x_wconf 90' lang='lat' dir='ltr'>domi</span> <span class='ocrx_word' id='word_1_169' title='bbox 576 2777 785 2872; x_wconf 85' lang='lat' dir='ltr'>militiaeque,</span> <span class='ocrx_word' id='word_1_170' title='bbox 811 2810 875 2873; x_wconf 93' lang='lat' dir='ltr'>quo</span> <span class='ocrx_word' id='word_1_171' title='bbox 898 2788 997 2852; x_wconf 90' lang='lat' dir='ltr'>modo</span> <span class='ocrx_word' id='word_1_172' title='bbox 1021 2811 1092 2853; x_wconf 90' lang='lat' dir='ltr'>rem</span> 
     </span>
     <span class='ocr_line' id='line_1_26' title="bbox 111 2891 1091 2979; baseline -0.004 -20"><span class='ocrx_word' id='word_1_173' title='bbox 111 2895 279 2979; x_wconf 84' lang='lat' dir='ltr'>publicam</span> <span class='ocrx_word' id='word_1_174' title='bbox 301 2891 475 2956; x_wconf 89' lang='lat' dir='ltr'>habuerint</span> <span class='ocrx_word' id='word_1_175' title='bbox 491 2901 712 2976; x_wconf 92' lang='lat' dir='ltr'>quantamque</span> <span class='ocrx_word' id='word_1_176' title='bbox 728 2891 927 2976; x_wconf 90' lang='lat' dir='ltr'>reliquerint,</span> <span class='ocrx_word' id='word_1_177' title='bbox 952 2903 988 2955; x_wconf 91' lang='lat' dir='ltr'>ut</span> <span class='ocrx_word' id='word_1_178' title='bbox 1008 2914 1091 2976; x_wconf 92' lang='lat' dir='ltr'>pau-</span> 
     </span>
     <span class='ocr_line' id='line_1_27' title="bbox 111 2991 1092 3081; baseline -0.004 -18"><span class='ocrx_word' id='word_1_179' title='bbox 111 2998 201 3063; x_wconf 90' lang='lat' dir='ltr'>latim</span> <span class='ocrx_word' id='word_1_180' title='bbox 213 2999 383 3060; x_wconf 89' lang='lat' dir='ltr'>immutata</span> <span class='ocrx_word' id='word_1_181' title='bbox 395 2991 675 3078; x_wconf 87' lang='lat' dir='ltr'>expulchorruma</span> <span class='ocrx_word' id='word_1_182' title='bbox 687 3005 785 3081; x_wconf 90' lang='lat' dir='ltr'>atque</span> <span class='ocrx_word' id='word_1_183' title='bbox 794 3006 927 3080; x_wconf 88' lang='lat' dir='ltr'>optuma</span> <span class='ocrx_word' id='word_1_184' title='bbox 938 3018 1092 3081; x_wconf 86' lang='lat' dir='ltr'>pessuma</span> 
     </span>
     <span class='ocr_line' id='line_1_28' title="bbox 112 3097 820 3184; baseline -0.003 -19"><span class='ocrx_word' id='word_1_185' title='bbox 112 3123 152 3165; x_wconf 93' lang='lat' dir='ltr'>ac</span> <span class='ocrx_word' id='word_1_186' title='bbox 175 3098 439 3184; x_wconf 84' lang='lat' dir='ltr'>flagitiosissuma</span> <span class='ocrx_word' id='word_1_187' title='bbox 462 3097 552 3162; x_wconf 89' lang='lat' dir='ltr'>facta</span> <span class='ocrx_word' id='word_1_188' title='bbox 576 3098 625 3177; x_wconf 87' lang='lat' dir='ltr'>sit,</span> <span class='ocrx_word' id='word_1_189' title='bbox 649 3098 820 3164; x_wconf 83' lang='lat' dir='ltr'>disserere.</span> 
     </span>
    </p>

    <p class='ocr_par' dir='ltr' id='par_1_12' title="bbox 111 3197 1091 3597">
     <span class='ocr_line' id='line_1_29' title="bbox 214 3197 1091 3288; baseline 0.002 -24"><span class='ocrx_word' id='word_1_190' title='bbox 214 3199 339 3264; x_wconf 89' lang='lat' dir='ltr'>Urbem</span> <span class='ocrx_word' id='word_1_191' title='bbox 368 3200 515 3280; x_wconf 87' lang='lat' dir='ltr'>Romam,</span> <span class='ocrx_word' id='word_1_192' title='bbox 546 3203 641 3266; x_wconf 87' lang='lat' dir='ltr'>sicuti</span> <span class='ocrx_word' id='word_1_193' title='bbox 665 3225 725 3287; x_wconf 92' lang='lat' dir='ltr'>ego</span> <span class='ocrx_word' id='word_1_194' title='bbox 750 3197 874 3288; x_wconf 85' lang='lat' dir='ltr'>accepi,</span> <span class='ocrx_word' id='word_1_195' title='bbox 911 3201 1091 3266; x_wconf 88' lang='lat' dir='ltr'>condidere</span> 
     </span>
     <span class='ocr_line' id='line_1_30' title="bbox 112 3302 1090 3392; baseline -0.003 -23"><span class='ocrx_word' id='word_1_196' title='bbox 112 3315 210 3388; x_wconf 89' lang='lat' dir='ltr'>atque</span> <span class='ocrx_word' id='word_1_197' title='bbox 233 3302 377 3367; x_wconf 90' lang='lat' dir='ltr'>habuere</span> <span class='ocrx_word' id='word_1_198' title='bbox 400 3305 491 3370; x_wconf 90' lang='lat' dir='ltr'>initio</span> <span class='ocrx_word' id='word_1_199' title='bbox 516 3305 660 3384; x_wconf 88' lang='lat' dir='ltr'>Troiani,</span> <span class='ocrx_word' id='word_1_200' title='bbox 690 3308 744 3392; x_wconf 92' lang='lat' dir='ltr'>qui</span> <span class='ocrx_word' id='word_1_201' title='bbox 766 3305 882 3370; x_wconf 92' lang='lat' dir='ltr'>Aenea</span> <span class='ocrx_word' id='word_1_202' title='bbox 906 3305 990 3369; x_wconf 91' lang='lat' dir='ltr'>duce</span> <span class='ocrx_word' id='word_1_203' title='bbox 1012 3325 1090 3388; x_wconf 89' lang='lat' dir='ltr'>pro-</span> 
     </span>
     <span class='ocr_line' id='line_1_31' title="bbox 112 3404 1091 3494; baseline -0.002 -22"><span class='ocrx_word' id='word_1_204' title='bbox 112 3408 182 3491; x_wconf 87' lang='lat' dir='ltr'>fugi</span> <span class='ocrx_word' id='word_1_205' title='bbox 206 3405 338 3472; x_wconf 84' lang='lat' dir='ltr'>sedibus</span> <span class='ocrx_word' id='word_1_206' title='bbox 360 3408 494 3473; x_wconf 89' lang='lat' dir='ltr'>incertis</span> <span class='ocrx_word' id='word_1_207' title='bbox 517 3409 733 3494; x_wconf 83' lang='lat' dir='ltr'>vagabantur,</span> <span class='ocrx_word' id='word_1_208' title='bbox 751 3431 906 3494; x_wconf 67' lang='lat' dir='ltr'>‚cumque</span> <span class='ocrx_word' id='word_1_209' title='bbox 929 3409 975 3471; x_wconf 86' lang='lat' dir='ltr'>eis</span> <span class='ocrx_word' id='word_1_210' title='bbox 997 3404 1091 3470; x_wconf 89' lang='lat' dir='ltr'>Abo-</span> 
     </span>
     <span class='ocr_line' id='line_1_32' title="bbox 111 3511 1091 3597; baseline 0.002 -23"><span class='ocrx_word' id='word_1_211' title='bbox 111 3511 241 3594; x_wconf 84' lang='lat' dir='ltr'>rigines,</span> <span class='ocrx_word' id='word_1_212' title='bbox 272 3533 375 3595; x_wconf 83' lang='lat' dir='ltr'>genus</span> <span class='ocrx_word' id='word_1_213' title='bbox 397 3512 565 3577; x_wconf 90' lang='lat' dir='ltr'>hominum</span> <span class='ocrx_word' id='word_1_214' title='bbox 581 3516 728 3597; x_wconf 86' lang='lat' dir='ltr'>agreste,</span> <span class='ocrx_word' id='word_1_215' title='bbox 758 3514 827 3577; x_wconf 87' lang='lat' dir='ltr'>sine</span> <span class='ocrx_word' id='word_1_216' title='bbox 850 3511 987 3596; x_wconf 87' lang='lat' dir='ltr'>legibus,</span> <span class='ocrx_word' id='word_1_217' title='bbox 1018 3514 1091 3576; x_wconf 90' lang='lat' dir='ltr'>sine</span> 
     </span>
    </p>
   </div>
   <div class='ocr_carea' id='block_1_3' title="bbox 0 0 1200 3952">
    <p class='ocr_par' dir='ltr' id='par_1_13' title="bbox 0 0 1200 3952">
     <span class='ocr_line' id='line_1_33' title="bbox 0 0 1200 3952; baseline 0 1"><span class='ocrx_word' id='word_1_218' title='bbox 0 0 1200 3952; x_wconf 95' lang='lat' dir='ltr'> </span> 
     </span>
    </p>
   </div>
  </div>
 </body>
</html>
