2392 3952
295 251 446 302 BELLUM
464 249 662 302 CATILINAE
680 251 790 302 39-40.
988 250 1027 314 27

52 449 241 506 tractarent.
277 438 336 502 sed
364 438 420 501 ubi
449 440 590 522 primum
622 437 729 501 dubiis
759 436 857 500 rebus
886 436 1052 500 novandis

55 567 130 630 spes
144 544 253 609 oblata
267 552 323 620 est,
340 553 435 605 vetus
452 550 618 604 certamen
635 543 761 604 animos
775 562 886 604 eorum
900 542 1030 603 arrexit.

55 646 144 732 quod
167 649 193 710 si
216 648 321 732 primo
351 647 475 730 proelio
501 644 643 709 Catilina
672 646 820 729 superior
849 653 904 707 aut
927 663 1054 727 aequas

53 772 153 813 manu
188 749 405 824 discessisset,
443 747 594 830 profecto
634 768 754 832 magno
787 745 899 810 clades
934 758 1032 830 atque

54 852 222 916 calamitas
253 873 321 914 rem
350 850 517 934 publicam
555 852 786 934 oppressisset;
820 871 928 934 neque
959 850 1032 927 illis,

54 957 108 1041 qui
132 957 304 1019 victoriam
328 953 438 1039 adepti
463 954 580 1030 forent,
607 953 726 1017 diutius
749 975 788 1016 ea
808 955 854 1015 uti
878 954 1031 1030 licuisset,

55 1061 133 1143 quin
157 1058 296 1123 defessis
320 1070 352 1122 et
375 1056 612 1142 exsanguibus,
642 1058 696 1141 qui
719 1056 793 1139 plus
816 1067 942 1140 posset,
974 1059 1033 1119 im-

52 1165 180 1247 perium
204 1175 302 1247 atque
326 1161 510 1226 libertatem
535 1171 754 1244 extorqueret.

156 1266 265 1328 Fuere
296 1275 406 1327 tamen
435 1276 528 1326 extra
552 1264 812 1327 coniurationem
838 1263 1054 1348 complu1·es,s

55 1369 110 1451 qui
139 1366 181 1428 ad
206 1366 380 1431 Catilinam
410 1368 501 1430 initio
532 1366 673 1450 profecti
704 1375 795 1446 sunt;
830 1367 863 1429 in
888 1368 933 1430 eis
965 1377 1034 1429 erat

54 1469 207 1548 Fulvius,
233 1471 390 1533 senatoris
413 1469 507 1548 filius,
533 1492 630 1554 quem
653 1480 829 1533 retractum
854 1492 896 1533 ex
919 1470 1034 1533 itinere

54 1596 175 1657 parens
199 1575 310 1637 necari
333 1574 434 1636 iussit.

156 1676 267 1740 Isdem
283 1675 486 1760 temporibus
502 1677 626 1740 Romae
642 1676 823 1757 Lentulus,
837 1678 932 1740 sicuti
946 1677 1055 1741 Cati-e

54 1780 121 1843 lina
144 1789 375 1864 praeceperat,
407 1801 631 1864 quoscumque
654 1778 800 1842 moribus
824 1790 879 1842 aut
902 1779 1035 1842 fortuna

56 1885 149 1945 novis
178 1881 276 1946 rebus
307 1882 444 1946 idoneos
475 1880 646 1958 credebat,
679 1892 735 1944 aut
757 1904 817 1965 per
841 1904 875 1944 se
899 1894 954 1944 aut
976 1904 1036 1965 per

55 1987 136 2049 alios
167 1983 364 2049 sollicitabat
393 2006 500 2068 neque
530 1983 633 2047 solum
665 1984 759 2061 civis,
796 1984 854 2046 sed
879 1986 1035 2067 cuiusque

56 2088 146 2151 modi
171 2111 274 2172 genus
297 2087 474 2163 hominum,
500 2085 588 2170 quod
610 2086 709 2150 modo
732 2085 819 2151 bello
844 2088 916 2150 usui
939 2087 1033 2150 foret.

56 2194 155 2275 igitur
170 2192 207 2254 P.
221 2191 390 2256 Umbreno
416 2189 545 2254 cuidam
568 2193 736 2275 negotium
755 2191 820 2270 dat,
844 2194 890 2255 uti
909 2191 1035 2275 legatos
1052 2207 1088 2262 40

55 2293 273 2378 Allobrogum
296 2295 440 2378 requirat
463 2316 600 2378 eosque,
625 2297 651 2358 si
673 2296 791 2378 possit,
823 2295 970 2380 impellat
993 2294 1035 2358 ad

56 2399 246 2462 societatem
279 2396 371 2475 belli,
412 2399 612 2462 existumans
646 2396 779 2483 publice
816 2399 1034 2483 privatimque

56 2524 131 2565 aere
155 2501 261 2564 alieno
287 2523 476 2585 oppressos,
506 2511 680 2586 praeterea
703 2501 792 2585 quod
815 2512 932 2565 natura
954 2524 1035 2585 gens

57 2603 188 2668 Gallica
209 2603 368 2668 bellicosa
392 2615 486 2682 essct,
512 2604 611 2668 facile
634 2626 690 2667 eos
715 2603 756 2666 ad
775 2603 840 2667 tale
865 2605 1035 2668 consilium

57 2706 178 2770 adduci
200 2729 307 2792 posse.
332 2707 530 2785 Umbrenus,
556 2707 645 2791 quod
667 2709 701 2770 in
718 2707 828 2772 Gallia
850 2710 1056 2792 negotiatuss

58 2820 141 2887 erat,
179 2810 345 2895 plerisque
382 2810 586 2896 principibus
622 2813 801 2874 civitatium
836 2823 932 2875 notus
968 2823 1037 2875 erat

58 2924 154 2997 atquc
183 2936 238 2977 eos
261 2925 414 2995 noverat;
449 2916 559 2998 itaque
583 2916 653 2977 sine
676 2937 782 2991 mora,
817 2913 873 2977 ubi
897 2916 1036 2998 primum

57 3017 182 3101 legatos
194 3019 228 3080 in
244 3017 316 3080 foro
335 3018 516 3101 conspexit,
541 3028 753 3101 percontatus
768 3040 876 3102 pauca
893 3016 934 3081 de
952 3028 1037 3080 statu

60 3122 199 3185 civitatis
223 3130 255 3184 et
279 3123 371 3204 quasi
396 3120 510 3184 dolens
539 3123 607 3184 eius
638 3144 748 3184 casum
771 3124 937 3206 requirere
962 3142 1035 3183 coe-

59 3227 120 3308 pit,
146 3247 243 3308 quem
268 3226 391 3288 exitum
414 3227 512 3288 tantis
534 3225 629 3288 malis
653 3237 831 3310 sperarent.
862 3234 1057 3308 postquamo

59 3327 130 3391 illos
153 3327 245 3391 videt
268 3329 359 3412 queri
377 3327 417 3391 de
439 3329 575 3391 avaritia
597 3331 855 3414 magistratuum,
880 3348 1036 3391 accusare

59 3442 222 3510 senatum,
258 3431 346 3516 quod
380 3434 414 3494 iu
445 3455 483 3496 eo
518 3432 619 3495 auxili
652 3433 731 3496 nihil
766 3444 864 3512 esset,
900 3432 1037 3495 miseriis

59 3535 125 3596 suis
154 3534 334 3598 remedium
364 3545 501 3598 mortem
529 3547 737 3619 exspectare,
768 3532 816 3598 ‘at
839 3533 907 3620 ego'
932 3536 1044 3614 inspuit
