2392 3952
277 241 428 292 BELLUM
446 240 707 294 IUGURTHINUM
726 241 841 295 15-16.
1006 239 1047 305 67

58 430 240 516 Iugurthae
263 433 417 494 virtutem
440 430 599 495 extollere
620 430 789 495 laudibus:
826 432 932 515 gratia
955 452 1048 508 voco,

60 533 204 618 denique
235 534 386 598 omnibus
414 533 520 598 modis
548 557 608 618 pro
638 534 744 599 alieno
768 532 900 616 [scelere
929 544 961 597 ot
990 520 1055 597 lia·¹

60 639 142 722 gitio
177 660 237 701 sua
275 639 367 722 quasi
399 660 460 722 pro
495 637 599 721 gloria
631 637 829 702 nitebantur.
869 647 902 701 at
933 646 1071 701 coutras

57 742 168 826 pauci,
194 739 311 826 quibus
334 741 457 805 bonum
474 752 506 805 et
522 763 662 826 aequum
687 741 807 805 divitiis
831 742 937 805 carius
962 748 1040 817 erat,

58 843 327 909 subveniundum
363 843 545 909 Adherbali
592 855 623 908 et
660 843 861 929 Hiempsalis
906 853 1044 907 incitam

58 969 177 1012 severe
213 947 448 1011 vindicandam
487 948 681 1025 censebant,
721 946 780 1012 sed
814 969 857 1011 ex
890 945 1073 1011 omnibust

57 1072 217 1114 maxume
238 1049 398 1114 Aemilius
426 1049 584 1129 Scaurus,
619 1050 716 1114 homo
751 1050 870 1115 nobilis
904 1050 1043 1135 impiger

57 1155 219 1218 factiosus
242 1153 359 1217 avidus
380 1156 547 1239 potentiae
570 1153 702 1218 honoris
726 1153 927 1231 divitiarum,
953 1162 1042 1216 cote-

55 1280 134 1321 rum
163 1259 244 1321 vitia
266 1280 326 1321 sua
349 1256 467 1322 callide
492 1257 671 1322 occultans.
705 1259 732 1320 is
754 1266 930 1342 postquam
952 1254 1072 1319 vidot⁶

55 1363 147 1447 regis
168 1360 376 1445 largitionem
399 1361 559 1425 famosam
580 1359 882 1445 impudentemque,
908 1360 1041 1437 veritus,

58 1463 152 1549 quod
174 1465 209 1527 in
234 1463 290 1526 tali
312 1485 348 1528 re
372 1463 469 1542 solet,
503 1486 546 1528 ne
571 1462 698 1548 polluta
725 1463 860 1528 licentia
889 1461 1047 1527 invidiam

57 1566 275 1645 accenderet,
309 1569 454 1631 animum
477 1591 497 1631 a
520 1579 678 1631 consucta
700 1566 848 1631 lubidine
873 1568 1042 1631 continuit.

56 1672 141 1735 vicit
161 1684 273 1734 tamen
294 1671 329 1735 in
352 1681 468 1734 senatu
489 1693 567 1755 pars
590 1671 662 1749 illa,
693 1692 777 1756 quae
800 1691 878 1734 vero
906 1670 1101 1755 pretiorum

57 1786 118 1838 aut
150 1775 291 1858 gratiam
325 1773 540 1839 anteferebat.
580 1773 750 1838 decretum
772 1772 827 1857 fitj,
862 1775 907 1836 uti
932 1772 1069 1837 decerni

56 1877 160 1962 legati
182 1899 335 1961 regnum,
371 1877 461 1962 quod
483 1877 623 1962 Micipsa
647 1877 849 1953 obtinuerat,
884 1877 969 1938 inter
990 1875 1045 1938 lu·

55 1979 210 2066 gurtbam
236 1992 270 2044 et
285 1979 510 2045 Adherbalem
534 1980 728 2045 dividerent.
753 1981 846 2044 euius
868 1979 1044 2064 legationis

55 2086 216 2170 princeps
253 2084 316 2147 fuit
336 2083 377 2147 L.
400 2082 560 2168 Opimius,
594 2083 692 2148 homo
721 2083 830 2147 clarus
861 2094 895 2147 et
920 2092 991 2145 tum
1014 2082 1048 2146 in

55 2197 176 2252 senatu
195 2202 324 2271 potens,
349 2189 426 2272 quia
448 2186 563 2251 consul
579 2186 616 2252 Ο.
635 2186 789 2252 Graccho
813 2198 846 2250 et
860 2186 905 2251 u.
925 2184 1045 2249 Fulvio

55 2290 183 2354 Flacco
215 2289 398 2354 interfectis
420 2312 590 2354 acerrume
612 2292 785 2355 victoriam
806 2288 986 2354 nobilitatis
1010 2289 1043 2351 in

55 2392 191 2479 plebem
213 2408 423 2457 exercuerat.
458 2415 532 2456 eum
553 2392 727 2477 Iugurtha,
761 2394 888 2457 tametsi
914 2393 1070 2456 Itomaes

55 2500 91 2562 in
113 2498 256 2561 inimicis
282 2495 457 2574 habuerat,
491 2510 602 2561 tamen
624 2498 881 2560 accuratissume
904 2495 1040 2579 recepit,

57 2599 171 2664 dando
194 2616 228 2664 ct
249 2600 437 2685 pollicendo
460 2601 563 2664 multa
584 2601 740 2685 perfecit,
763 2601 809 2663 uti
833 2600 943 2663 famae
968 2598 1045 2675 fide,

55 2716 225 2790 postremo
247 2704 483 2768 omnibus¹suis
498 2705 597 2770 rebus
620 2703 830 2769 commodum
848 2705 937 2788 regis
953 2719 1046 2766 ante·

55 2807 169 2872 taret
190 2806 336 2892 reliquos
357 2805 484 2891 legatos
507 2808 625 2872 eadem
639 2810 693 2871 ria
715 2829 891 2892 aggressus
916 2805 1071 2891 pleros-r

56 2933 122 2997 que
149 2912 254 2996 cupit:
287 2913 403 2995 paucis
433 2914 539 2975 carior
567 2910 652 2975 fides
680 2933 779 2996 quam
800 2911 946 2995 pecunia
971 2908 1042 2971 fuit.

54 3016 90 3078 in
113 3012 292 3091 ditissime,
323 3037 407 3099 quae
429 3038 507 3099 pars
529 3013 703 3078 Numidiae
726 3013 967 3077 Mauretaniam
991 3030 1073 3081 ειμι.

54 3119 169 3203 tingit,
191 3139 273 3202 agro
296 3119 440 3202 virisque
463 3118 663 3202 opulentior.
686 3115 865 3201 Iugurthae
886 3114 1042 3191 traditum

53 3221 147 3286 illam
170 3219 310 3286 :haam
331 3224 443 3306 specie
466 3245 566 3306 quam
587 3246 649 3285 usu
669 3224 842 3306 potiorem.
867 3242 953 3304 quae
969 3240 1046 3303 per-

52 3328 183 3391 modor
209 3344 244 3390 et
265 3324 425 3392 aedificiis
447 3328 552 3410 magis
575 3346 734 3390 exornata
759 3344 844 3388 erat.
875 3320 1047 3386 Adherbal

892 3532 927 3579 52
