<?xml version="1.0" encoding="UTF-8"?>
<!DOCTYPE html PUBLIC "-//W3C//DTD XHTML 1.0 Transitional//EN"
    "http://www.w3.org/TR/xhtml1/DTD/xhtml1-transitional.dtd">
<html xmlns="http://www.w3.org/1999/xhtml" xml:lang="en" lang="en">
 <head>
  <title>
</title>
<meta http-equiv="Content-Type" content="text/html;charset=utf-8" />
  <meta name='ocr-system' content='tesseract 3.04.00' />
  <meta name='ocr-capabilities' content='ocr_page ocr_carea ocr_par ocr_line ocrx_word'/>
</head>
<body>
  <div class='ocr_page' id='page_1' title='image "bellumcatilinae00persgoog_0069.png"; bbox 0 0 2392 3952; ppageno 0'>
   <div class='ocr_carea' id='block_1_1' title="bbox 123 215 889 281">
    <p class='ocr_par' dir='ltr' id='par_1_1' title="bbox 123 215 889 281">
     <span class='ocr_line' id='line_1_1' title="bbox 123 215 889 281; baseline 0.001 -14"><span class='ocrx_word' id='word_1_1' title='bbox 123 217 165 281; x_wconf 77' lang='lat'>58</span> <span class='ocrx_word' id='word_1_2' title='bbox 338 216 492 267; x_wconf 80' lang='lat' dir='ltr'>ennnuu</span> <span class='ocrx_word' id='word_1_3' title='bbox 509 215 773 267; x_wconf 80' lang='lat' dir='ltr'>menarflmuu</span> <span class='ocrx_word' id='word_1_4' title='bbox 794 218 889 268; x_wconf 72' lang='lat' dir='ltr'>e-ro,</span> 
     </span>
    </p>
   </div>
   <div class='ocr_carea' id='block_1_2' title="bbox 89 404 1107 984">
    <p class='ocr_par' dir='ltr' id='par_1_2' title="bbox 124 404 1106 696">
     <span class='ocr_line' id='line_1_2' title="bbox 125 404 1106 489; baseline 0.001 -20"><span class='ocrx_word' id='word_1_5' title='bbox 125 407 197 482; x_wconf 89' lang='lat' dir='ltr'>emi,</span> <span class='ocrx_word' id='word_1_6' title='bbox 223 404 311 489; x_wconf 91' lang='lat' dir='ltr'>quod</span> <span class='ocrx_word' id='word_1_7' title='bbox 339 405 514 469; x_wconf 90' lang='lat' dir='ltr'>multorum</span> <span class='ocrx_word' id='word_1_8' title='bbox 539 413 633 468; x_wconf 88' lang='lat' dir='ltr'>esset.</span> <span class='ocrx_word' id='word_1_9' title='bbox 680 406 706 468; x_wconf 89' lang='lat' dir='ltr'>si</span> <span class='ocrx_word' id='word_1_10' title='bbox 729 427 925 488; x_wconf 89' lang='lat' dir='ltr'>permanere</span> <span class='ocrx_word' id='word_1_11' title='bbox 948 406 1053 470; x_wconf 88' lang='lat' dir='ltr'>vellet</span> <span class='ocrx_word' id='word_1_12' title='bbox 1074 409 1106 471; x_wconf 92' lang='lat' dir='ltr'>in</span> 
     </span>
     <span class='ocr_line' id='line_1_3' title="bbox 125 508 1106 592; baseline 0.002 -21"><span class='ocrx_word' id='word_1_13' title='bbox 125 511 190 571; x_wconf 90' lang='lat' dir='ltr'>suis</span> <span class='ocrx_word' id='word_1_14' title='bbox 214 508 346 587; x_wconf 86' lang='lat' dir='ltr'>artibus,</span> <span class='ocrx_word' id='word_1_15' title='bbox 381 508 465 572; x_wconf 90' lang='lat' dir='ltr'>ultro</span> <span class='ocrx_word' id='word_1_16' title='bbox 489 508 536 571; x_wconf 85' lang='lat' dir='ltr'>illi</span> <span class='ocrx_word' id='word_1_17' title='bbox 559 517 591 571; x_wconf 92' lang='lat' dir='ltr'>et</span> <span class='ocrx_word' id='word_1_18' title='bbox 624 508 762 592; x_wconf 81' lang='lat' dir='ltr'>gloriam</span> <span class='ocrx_word' id='word_1_19' title='bbox 797 517 830 572; x_wconf 93' lang='lat' dir='ltr'>et</span> <span class='ocrx_word' id='word_1_20' title='bbox 863 531 1004 592; x_wconf 88' lang='lat' dir='ltr'>regnum</span> <span class='ocrx_word' id='word_1_21' title='bbox 1028 533 1106 574; x_wconf 91' lang='lat' dir='ltr'>ven-</span> 
     </span>
     <span class='ocr_line' id='line_1_4' title="bbox 124 612 1106 696; baseline 0 -22"><span class='ocrx_word' id='word_1_22' title='bbox 124 622 247 691; x_wconf 87' lang='lat' dir='ltr'>turum;</span> <span class='ocrx_word' id='word_1_23' title='bbox 290 612 339 674; x_wconf 89' lang='lat' dir='ltr'>sin</span> <span class='ocrx_word' id='word_1_24' title='bbox 375 612 604 695; x_wconf 85' lang='lat' dir='ltr'>properantius</span> <span class='ocrx_word' id='word_1_25' title='bbox 638 620 801 694; x_wconf 81' lang='lat' dir='ltr'><strong>pergeret,</strong></span> <span class='ocrx_word' id='word_1_26' title='bbox 837 620 964 675; x_wconf 83' lang='lat' dir='ltr'>suamet</span> <span class='ocrx_word' id='word_1_27' title='bbox 998 613 1106 696; x_wconf 88' lang='lat' dir='ltr'>ipsum</span> 
     </span>
    </p>

    <p class='ocr_par' dir='ltr' id='par_1_3' title="bbox 89 713 1107 984">
     <span class='ocr_line' id='line_1_5' title="bbox 89 713 1107 799; baseline 0.001 -22"><span class='ocrx_word' id='word_1_28' title='bbox 89 735 107 788; x_wconf 83' lang='lat'>9</span> <span class='ocrx_word' id='word_1_29' title='bbox 123 716 266 799; x_wconf 86' lang='lat' dir='ltr'>pecunia</span> <span class='ocrx_word' id='word_1_30' title='bbox 276 715 491 798; x_wconf 88' lang='lat' dir='ltr'>praecipitem</span> <span class='ocrx_word' id='word_1_31' title='bbox 505 735 665 776; x_wconf 89' lang='lat' dir='ltr'>casurum.</span> <span class='ocrx_word' id='word_1_32' title='bbox 690 714 737 776; x_wconf 88' lang='lat' dir='ltr'>sio</span> <span class='ocrx_word' id='word_1_33' title='bbox 752 713 882 776; x_wconf 88' lang='lat' dir='ltr'>loeutus</span> <span class='ocrx_word' id='word_1_34' title='bbox 899 736 974 777; x_wconf 87' lang='lat' dir='ltr'>oum</span> <span class='ocrx_word' id='word_1_35' title='bbox 989 713 1107 778; x_wconf 90' lang='lat' dir='ltr'>litteris</span> 
     </span>
     <span class='ocr_line' id='line_1_6' title="bbox 125 814 1106 901; baseline 0.001 -21"><span class='ocrx_word' id='word_1_36' title='bbox 125 839 208 895; x_wconf 87' lang='lat' dir='ltr'>eum,</span> <span class='ocrx_word' id='word_1_37' title='bbox 240 839 320 901; x_wconf 91' lang='lat' dir='ltr'>quas</span> <span class='ocrx_word' id='word_1_38' title='bbox 343 816 503 900; x_wconf 82' lang='lat' dir='ltr'>Micipsae</span> <span class='ocrx_word' id='word_1_39' title='bbox 525 815 689 893; x_wconf 85' lang='lat' dir='ltr'>redderet,</span> <span class='ocrx_word' id='word_1_40' title='bbox 715 814 847 879; x_wconf 83' lang='lat' dir='ltr'>dimisit.</span> <span class='ocrx_word' id='word_1_41' title='bbox 895 839 1010 880; x_wconf 88' lang='lat' dir='ltr'>earum</span> <span class='ocrx_word' id='word_1_42' title='bbox 1034 840 1106 881; x_wconf 85' lang='lat' dir='ltr'>sen-</span> 
     </span>
     <span class='ocr_line' id='line_1_7' title="bbox 123 918 672 984; baseline -0.002 0"><span class='ocrx_word' id='word_1_43' title='bbox 123 922 226 984; x_wconf 88' lang='lat' dir='ltr'>tentia</span> <span class='ocrx_word' id='word_1_44' title='bbox 247 918 330 982; x_wconf 82' lang='lat' dir='ltr'>haee</span> <span class='ocrx_word' id='word_1_45' title='bbox 354 924 437 982; x_wconf 85' lang='lat' dir='ltr'>erat:¹</span> <span class='ocrx_word' id='word_1_46' title='bbox 667 927 672 934; x_wconf 88' lang='lat'>&#39;</span> 
     </span>
    </p>
   </div>
   <div class='ocr_carea' id='block_1_3' title="bbox 104 1048 1108 1648">
    <p class='ocr_par' dir='ltr' id='par_1_4' title="bbox 104 1048 1108 1648">
     <span class='ocr_line' id='line_1_8' title="bbox 104 1048 1104 1134; baseline -0.003 -18"><span class='ocrx_word' id='word_1_47' title='bbox 104 1079 116 1116; x_wconf 77' lang='grc'>1</span> <span class='ocrx_word' id='word_1_48' title='bbox 227 1049 414 1134; x_wconf 84' lang='lat' dir='ltr'>‘Iugurthae</span> <span class='ocrx_word' id='word_1_49' title='bbox 437 1051 483 1112; x_wconf 94' lang='lat' dir='ltr'>tui</span> <span class='ocrx_word' id='word_1_50' title='bbox 498 1048 585 1113; x_wconf 89' lang='lat' dir='ltr'>bello</span> <span class='ocrx_word' id='word_1_51' title='bbox 601 1049 802 1112; x_wconf 89' lang='lat' dir='ltr'>Numantino</span> <span class='ocrx_word' id='word_1_52' title='bbox 826 1049 925 1133; x_wconf 91' lang='lat' dir='ltr'>longe</span> <span class='ocrx_word' id='word_1_53' title='bbox 946 1072 1104 1113; x_wconf 86' lang='lat' dir='ltr'>maxuma</span> 
     </span>
     <span class='ocr_line' id='line_1_9' title="bbox 124 1151 1105 1238; baseline -0.001 -21"><span class='ocrx_word' id='word_1_54' title='bbox 124 1155 226 1217; x_wconf 87' lang='lat' dir='ltr'>virtus</span> <span class='ocrx_word' id='word_1_55' title='bbox 251 1154 321 1230; x_wconf 86' lang='lat' dir='ltr'>fuit,</span> <span class='ocrx_word' id='word_1_56' title='bbox 357 1175 455 1238; x_wconf 87' lang='lat' dir='ltr'>quam</span> <span class='ocrx_word' id='word_1_57' title='bbox 477 1175 547 1216; x_wconf 89' lang='lat' dir='ltr'>rem</span> <span class='ocrx_word' id='word_1_58' title='bbox 570 1151 628 1216; x_wconf 89' lang='lat' dir='ltr'>tibi</span> <span class='ocrx_word' id='word_1_59' title='bbox 652 1162 740 1216; x_wconf 79' lang='lat' dir='ltr'>certo</span> <span class='ocrx_word' id='word_1_60' title='bbox 772 1154 839 1216; x_wconf 91' lang='lat' dir='ltr'>soio</span> <span class='ocrx_word' id='word_1_61' title='bbox 870 1152 991 1236; x_wconf 85' lang='lat' dir='ltr'>gaudio</span> <span class='ocrx_word' id='word_1_62' title='bbox 1025 1175 1105 1216; x_wconf 89' lang='lat' dir='ltr'>esse.</span> 
     </span>
     <span class='ocr_line' id='line_1_10' title="bbox 124 1255 1108 1335; baseline -0.002 -15"><span class='ocrx_word' id='word_1_63' title='bbox 124 1256 220 1320; x_wconf 92' lang='lat' dir='ltr'>nobis</span> <span class='ocrx_word' id='word_1_64' title='bbox 244 1255 285 1319; x_wconf 90' lang='lat' dir='ltr'>ob</span> <span class='ocrx_word' id='word_1_65' title='bbox 309 1257 425 1319; x_wconf 91' lang='lat' dir='ltr'>merita</span> <span class='ocrx_word' id='word_1_66' title='bbox 449 1278 507 1318; x_wconf 88' lang='lat' dir='ltr'>sua</span> <span class='ocrx_word' id='word_1_67' title='bbox 531 1279 625 1318; x_wconf 90' lang='lat' dir='ltr'>oarus</span> <span class='ocrx_word' id='word_1_68' title='bbox 650 1265 712 1335; x_wconf 81' lang='lat' dir='ltr'>est3</span> <span class='ocrx_word' id='word_1_69' title='bbox 751 1265 787 1318; x_wconf 91' lang='lat' dir='ltr'>ut</span> <span class='ocrx_word' id='word_1_70' title='bbox 808 1255 898 1319; x_wconf 84' lang='lat' dir='ltr'>idem</span> <span class='ocrx_word' id='word_1_71' title='bbox 923 1258 1052 1319; x_wconf 88' lang='lat' dir='ltr'>senatui</span> <span class='ocrx_word' id='word_1_72' title='bbox 1076 1267 1108 1319; x_wconf 88' lang='lat' dir='ltr'>et</span> 
     </span>
     <span class='ocr_line' id='line_1_11' title="bbox 124 1357 1107 1444; baseline -0.001 -22"><span class='ocrx_word' id='word_1_73' title='bbox 124 1359 247 1444; x_wconf 93' lang='lat' dir='ltr'>populo</span> <span class='ocrx_word' id='word_1_74' title='bbox 264 1359 412 1422; x_wconf 86' lang='lat' dir='ltr'>Romano</span> <span class='ocrx_word' id='word_1_75' title='bbox 430 1361 479 1436; x_wconf 84' lang='lat' dir='ltr'>sit,</span> <span class='ocrx_word' id='word_1_76' title='bbox 497 1381 623 1421; x_wconf 91' lang='lat' dir='ltr'>summa</span> <span class='ocrx_word' id='word_1_77' title='bbox 639 1381 701 1443; x_wconf 92' lang='lat' dir='ltr'>ope</span> <span class='ocrx_word' id='word_1_78' title='bbox 717 1361 868 1422; x_wconf 81' lang='lat' dir='ltr'>nitemur.</span> <span class='ocrx_word' id='word_1_79' title='bbox 895 1358 955 1422; x_wconf 88' lang='lat' dir='ltr'>tibi</span> <span class='ocrx_word' id='word_1_80' title='bbox 972 1357 1107 1442; x_wconf 84' lang='lat' dir='ltr'>quidem</span> 
     </span>
     <span class='ocr_line' id='line_1_12' title="bbox 124 1459 1106 1546; baseline 0 -22"><span class='ocrx_word' id='word_1_81' title='bbox 124 1484 184 1546; x_wconf 89' lang='lat' dir='ltr'>pro</span> <span class='ocrx_word' id='word_1_82' title='bbox 201 1471 313 1524; x_wconf 90' lang='lat' dir='ltr'>nostra</span> <span class='ocrx_word' id='word_1_83' title='bbox 328 1461 471 1523; x_wconf 86' lang='lat' dir='ltr'>amicitia</span> <span class='ocrx_word' id='word_1_84' title='bbox 483 1459 644 1544; x_wconf 77' lang='lat' dir='ltr'>gratissor:</span> <span class='ocrx_word' id='word_1_85' title='bbox 670 1483 711 1524; x_wconf 91' lang='lat' dir='ltr'>en</span> <span class='ocrx_word' id='word_1_86' title='bbox 726 1459 829 1524; x_wconf 89' lang='lat' dir='ltr'>habes</span> <span class='ocrx_word' id='word_1_87' title='bbox 845 1462 951 1524; x_wconf 85' lang='lat' dir='ltr'>virum</span> <span class='ocrx_word' id='word_1_88' title='bbox 969 1460 1106 1546; x_wconf 89' lang='lat' dir='ltr'>dignum</span> 
     </span>
     <span class='ocr_line' id='line_1_13' title="bbox 124 1564 665 1648; baseline -0.006 -19"><span class='ocrx_word' id='word_1_89' title='bbox 124 1577 157 1629; x_wconf 89' lang='lat' dir='ltr'>te</span> <span class='ocrx_word' id='word_1_90' title='bbox 181 1574 278 1648; x_wconf 92' lang='lat' dir='ltr'>atque</span> <span class='ocrx_word' id='word_1_91' title='bbox 302 1586 363 1627; x_wconf 85' lang='lat' dir='ltr'>avo</span> <span class='ocrx_word' id='word_1_92' title='bbox 389 1585 446 1626; x_wconf 89' lang='lat' dir='ltr'>suo</span> <span class='ocrx_word' id='word_1_93' title='bbox 470 1564 665 1627; x_wconf 65' lang='lat' dir='ltr'>Masinissa!</span> 
     </span>
    </p>
   </div>
   <div class='ocr_carea' id='block_1_4' title="bbox 105 1692 1109 2273">
    <p class='ocr_par' dir='ltr' id='par_1_5' title="bbox 105 1692 1109 2273">
     <span class='ocr_line' id='line_1_14' title="bbox 105 1692 1109 1778; baseline -0.003 -18"><span class='ocrx_word' id='word_1_94' title='bbox 105 1723 116 1760; x_wconf 80' lang='lat' dir='ltr'>a</span> <span class='ocrx_word' id='word_1_95' title='bbox 227 1694 332 1778; x_wconf 82' lang='lat' dir='ltr'>Igitur</span> <span class='ocrx_word' id='word_1_96' title='bbox 354 1716 423 1771; x_wconf 86' lang='lat' dir='ltr'>rex,</span> <span class='ocrx_word' id='word_1_97' title='bbox 458 1692 514 1756; x_wconf 90' lang='lat' dir='ltr'>ubi</span> <span class='ocrx_word' id='word_1_98' title='bbox 539 1717 586 1771; x_wconf 91' lang='lat' dir='ltr'>ea,</span> <span class='ocrx_word' id='word_1_99' title='bbox 623 1716 706 1777; x_wconf 92' lang='lat' dir='ltr'>quae</span> <span class='ocrx_word' id='word_1_100' title='bbox 730 1694 819 1757; x_wconf 88' lang='lat' dir='ltr'>fama</span> <span class='ocrx_word' id='word_1_101' title='bbox 842 1703 1027 1778; x_wconf 83' lang='lat' dir='ltr'>acceperat,</span> <span class='ocrx_word' id='word_1_102' title='bbox 1065 1717 1109 1758; x_wconf 84' lang='lat' dir='ltr'>ex</span> 
     </span>
     <span class='ocr_line' id='line_1_15' title="bbox 125 1798 1108 1882; baseline 0 -21"><span class='ocrx_word' id='word_1_103' title='bbox 125 1798 240 1862; x_wconf 91' lang='lat' dir='ltr'>litteris</span> <span class='ocrx_word' id='word_1_104' title='bbox 267 1798 472 1882; x_wconf 88' lang='lat' dir='ltr'>imperatoris</span> <span class='ocrx_word' id='word_1_105' title='bbox 500 1798 547 1860; x_wconf 91' lang='lat' dir='ltr'>ita</span> <span class='ocrx_word' id='word_1_106' title='bbox 576 1819 647 1860; x_wconf 88' lang='lat' dir='ltr'>esse</span> <span class='ocrx_word' id='word_1_107' title='bbox 675 1798 840 1880; x_wconf 77' lang='lat' dir='ltr'>cognovit,</span> <span class='ocrx_word' id='word_1_108' title='bbox 877 1819 951 1860; x_wconf 88' lang='lat' dir='ltr'>oum</span> <span class='ocrx_word' id='word_1_109' title='bbox 985 1798 1108 1861; x_wconf 81' lang='lat' dir='ltr'>virtute</span> 
     </span>
     <span class='ocr_line' id='line_1_16' title="bbox 125 1899 1108 1985; baseline -0.001 -21"><span class='ocrx_word' id='word_1_110' title='bbox 125 1914 194 1965; x_wconf 88' lang='lat' dir='ltr'>tum</span> <span class='ocrx_word' id='word_1_111' title='bbox 228 1902 332 1985; x_wconf 88' lang='lat' dir='ltr'>gratia</span> <span class='ocrx_word' id='word_1_112' title='bbox 365 1902 427 1964; x_wconf 89' lang='lat' dir='ltr'>viri</span> <span class='ocrx_word' id='word_1_113' title='bbox 449 1910 616 1985; x_wconf 87' lang='lat' dir='ltr'>permotus</span> <span class='ocrx_word' id='word_1_114' title='bbox 648 1899 740 1963; x_wconf 82' lang='lat' dir='ltr'>flexit</span> <span class='ocrx_word' id='word_1_115' title='bbox 775 1901 919 1962; x_wconf 91' lang='lat' dir='ltr'>animum</span> <span class='ocrx_word' id='word_1_116' title='bbox 953 1920 1050 1964; x_wconf 88' lang='lat' dir='ltr'>suum</span> <span class='ocrx_word' id='word_1_117' title='bbox 1074 1911 1108 1963; x_wconf 91' lang='lat' dir='ltr'>et</span> 
     </span>
     <span class='ocr_line' id='line_1_17' title="bbox 126 2003 1108 2087; baseline 0 -21"><span class='ocrx_word' id='word_1_118' title='bbox 126 2004 316 2087; x_wconf 88' lang='lat' dir='ltr'>Iugurtham</span> <span class='ocrx_word' id='word_1_119' title='bbox 332 2003 501 2066; x_wconf 85' lang='lat' dir='ltr'>benefieiis</span> <span class='ocrx_word' id='word_1_120' title='bbox 516 2004 650 2067; x_wconf 86' lang='lat' dir='ltr'>vincere</span> <span class='ocrx_word' id='word_1_121' title='bbox 667 2025 841 2086; x_wconf 81' lang='lat' dir='ltr'>aggressus</span> <span class='ocrx_word' id='word_1_122' title='bbox 858 2013 907 2065; x_wconf 83' lang='lat' dir='ltr'>est</span> <span class='ocrx_word' id='word_1_123' title='bbox 930 2003 1108 2087; x_wconf 84' lang='lat' dir='ltr'>statimque</span> 
     </span>
     <span class='ocr_line' id='line_1_18' title="bbox 127 2104 1107 2191; baseline -0.001 -21"><span class='ocrx_word' id='word_1_124' title='bbox 127 2130 201 2170; x_wconf 89' lang='lat' dir='ltr'>eum</span> <span class='ocrx_word' id='word_1_125' title='bbox 225 2107 395 2191; x_wconf 85' lang='lat' dir='ltr'>adoptavit</span> <span class='ocrx_word' id='word_1_126' title='bbox 418 2117 450 2169; x_wconf 90' lang='lat' dir='ltr'>et</span> <span class='ocrx_word' id='word_1_127' title='bbox 472 2116 665 2169; x_wconf 89' lang='lat' dir='ltr'>testamento</span> <span class='ocrx_word' id='word_1_128' title='bbox 690 2107 813 2189; x_wconf 88' lang='lat' dir='ltr'>pariter</span> <span class='ocrx_word' id='word_1_129' title='bbox 842 2127 916 2168; x_wconf 90' lang='lat' dir='ltr'>eum</span> <span class='ocrx_word' id='word_1_130' title='bbox 944 2104 1018 2168; x_wconf 89' lang='lat' dir='ltr'>filiis</span> <span class='ocrx_word' id='word_1_131' title='bbox 1048 2104 1107 2169; x_wconf 93' lang='lat' dir='ltr'>he-</span> 
     </span>
     <span class='ocr_line' id='line_1_19' title="bbox 126 2210 408 2273; baseline -0.004 0"><span class='ocrx_word' id='word_1_132' title='bbox 126 2210 240 2273; x_wconf 88' lang='lat' dir='ltr'>redem</span> <span class='ocrx_word' id='word_1_133' title='bbox 262 2212 408 2273; x_wconf 86' lang='lat' dir='ltr'>instituit.</span> 
     </span>
    </p>
   </div>
   <div class='ocr_carea' id='block_1_5' title="bbox 103 2336 1110 2836">
    <p class='ocr_par' dir='ltr' id='par_1_6' title="bbox 103 2336 1110 2836">
     <span class='ocr_line' id='line_1_20' title="bbox 103 2336 1110 2424; baseline -0.002 -21"><span class='ocrx_word' id='word_1_134' title='bbox 103 2377 117 2414; x_wconf 75' lang='lat'>4</span> <span class='ocrx_word' id='word_1_135' title='bbox 231 2339 297 2403; x_wconf 86' lang='lat' dir='ltr'>Sed</span> <span class='ocrx_word' id='word_1_136' title='bbox 330 2341 401 2424; x_wconf 89' lang='lat' dir='ltr'>ipse</span> <span class='ocrx_word' id='word_1_137' title='bbox 438 2362 563 2423; x_wconf 82' lang='lat' dir='ltr'>paucos</span> <span class='ocrx_word' id='word_1_138' title='bbox 600 2349 675 2424; x_wconf 86' lang='lat' dir='ltr'>post</span> <span class='ocrx_word' id='word_1_139' title='bbox 712 2360 815 2400; x_wconf 91' lang='lat' dir='ltr'>annos</span> <span class='ocrx_word' id='word_1_140' title='bbox 853 2336 967 2401; x_wconf 89' lang='lat' dir='ltr'>morbo</span> <span class='ocrx_word' id='word_1_141' title='bbox 1008 2348 1110 2422; x_wconf 86' lang='lat' dir='ltr'>atque</span> 
     </span>
     <span class='ocr_line' id='line_1_21' title="bbox 126 2439 1109 2519; baseline -0.002 -13"><span class='ocrx_word' id='word_1_142' title='bbox 126 2454 233 2507; x_wconf 85' lang='lat' dir='ltr'>aetate</span> <span class='ocrx_word' id='word_1_143' title='bbox 258 2444 438 2519; x_wconf 77' lang='lat' dir='ltr'>confectus,</span> <span class='ocrx_word' id='word_1_144' title='bbox 479 2465 552 2506; x_wconf 88' lang='lat' dir='ltr'>oum</span> <span class='ocrx_word' id='word_1_145' title='bbox 576 2441 637 2505; x_wconf 87' lang='lat' dir='ltr'>sibi</span> <span class='ocrx_word' id='word_1_146' title='bbox 665 2441 765 2504; x_wconf 90' lang='lat' dir='ltr'>finem</span> <span class='ocrx_word' id='word_1_147' title='bbox 795 2442 882 2502; x_wconf 85' lang='lat' dir='ltr'>vitae</span> <span class='ocrx_word' id='word_1_148' title='bbox 911 2439 1027 2503; x_wconf 85' lang='lat' dir='ltr'>adesse</span> <span class='ocrx_word' id='word_1_149' title='bbox 1058 2443 1109 2504; x_wconf 91' lang='lat' dir='ltr'>in·</span> 
     </span>
     <span class='ocr_line' id='line_1_22' title="bbox 126 2542 1109 2629; baseline -0.004 -20"><span class='ocrx_word' id='word_1_150' title='bbox 126 2546 305 2629; x_wconf 84' lang='lat' dir='ltr'>tellegeret,</span> <span class='ocrx_word' id='word_1_151' title='bbox 342 2568 452 2609; x_wconf 88' lang='lat' dir='ltr'>eoram</span> <span class='ocrx_word' id='word_1_152' title='bbox 487 2547 599 2609; x_wconf 89' lang='lat' dir='ltr'>amieis</span> <span class='ocrx_word' id='word_1_153' title='bbox 634 2555 666 2608; x_wconf 90' lang='lat' dir='ltr'>et</span> <span class='ocrx_word' id='word_1_154' title='bbox 694 2545 842 2627; x_wconf 79' lang='lat' dir='ltr'>cognatis</span> <span class='ocrx_word' id='word_1_155' title='bbox 869 2545 1013 2628; x_wconf 86' lang='lat' dir='ltr'>itemque</span> <span class='ocrx_word' id='word_1_156' title='bbox 1036 2542 1109 2606; x_wconf 88' lang='lat' dir='ltr'>Ad-</span> 
     </span>
     <span class='ocr_line' id='line_1_23' title="bbox 125 2646 1108 2733; baseline -0.002 -20"><span class='ocrx_word' id='word_1_157' title='bbox 125 2649 259 2713; x_wconf 89' lang='lat' dir='ltr'>herbale</span> <span class='ocrx_word' id='word_1_158' title='bbox 294 2660 326 2713; x_wconf 91' lang='lat' dir='ltr'>et</span> <span class='ocrx_word' id='word_1_159' title='bbox 363 2649 553 2733; x_wconf 86' lang='lat' dir='ltr'>Hiempsale</span> <span class='ocrx_word' id='word_1_160' title='bbox 586 2648 660 2711; x_wconf 87' lang='lat' dir='ltr'>filiis</span> <span class='ocrx_word' id='word_1_161' title='bbox 696 2646 814 2711; x_wconf 88' lang='lat' dir='ltr'>dieitur</span> <span class='ocrx_word' id='word_1_162' title='bbox 846 2646 982 2710; x_wconf 79' lang='lat' dir='ltr'>huiusne</span> <span class='ocrx_word' id='word_1_163' title='bbox 1016 2646 1108 2711; x_wconf 84' lang='lat' dir='ltr'>modi</span> 
     </span>
     <span class='ocr_line' id='line_1_24' title="bbox 126 2750 698 2836; baseline -0.007 -19"><span class='ocrx_word' id='word_1_164' title='bbox 126 2753 229 2817; x_wconf 85' lang='lat' dir='ltr'>verba</span> <span class='ocrx_word' id='word_1_165' title='bbox 253 2776 327 2817; x_wconf 90' lang='lat' dir='ltr'>eum</span> <span class='ocrx_word' id='word_1_166' title='bbox 349 2751 508 2836; x_wconf 89' lang='lat' dir='ltr'>Iugurtha</span> <span class='ocrx_word' id='word_1_167' title='bbox 530 2750 698 2814; x_wconf 88' lang='lat' dir='ltr'>habuisse:</span> 
     </span>
    </p>
   </div>
   <div class='ocr_carea' id='block_1_6' title="bbox 74 2880 1110 3584">
    <p class='ocr_par' dir='ltr' id='par_1_7' title="bbox 74 2880 1110 3584">
     <span class='ocr_line' id='line_1_25' title="bbox 74 2880 1110 2965; baseline 0 -21"><span class='ocrx_word' id='word_1_168' title='bbox 74 2904 109 2959; x_wconf 86' lang='lat'>10</span> <span class='ocrx_word' id='word_1_169' title='bbox 229 2883 384 2946; x_wconf 87' lang='lat' dir='ltr'>‘Parvum</span> <span class='ocrx_word' id='word_1_170' title='bbox 408 2904 478 2965; x_wconf 86' lang='lat' dir='ltr'>eg0‚</span> <span class='ocrx_word' id='word_1_171' title='bbox 514 2880 681 2962; x_wconf 82' lang='lat' dir='ltr'>Iugurtha,</span> <span class='ocrx_word' id='word_1_172' title='bbox 718 2891 750 2944; x_wconf 90' lang='lat' dir='ltr'>te</span> <span class='ocrx_word' id='word_1_173' title='bbox 776 2883 894 2944; x_wconf 91' lang='lat' dir='ltr'>amisso</span> <span class='ocrx_word' id='word_1_174' title='bbox 918 2891 1012 2965; x_wconf 84' lang='lat' dir='ltr'>patre</span> <span class='ocrx_word' id='word_1_175' title='bbox 1037 2882 1110 2944; x_wconf 86' lang='lat' dir='ltr'>sine</span> 
     </span>
     <span class='ocr_line' id='line_1_26' title="bbox 127 2984 1109 3070; baseline 0 -22"><span class='ocrx_word' id='word_1_176' title='bbox 127 3009 195 3070; x_wconf 85' lang='lat' dir='ltr'>spe,</span> <span class='ocrx_word' id='word_1_177' title='bbox 233 2988 303 3049; x_wconf 92' lang='lat' dir='ltr'>sine</span> <span class='ocrx_word' id='word_1_178' title='bbox 332 2984 448 3069; x_wconf 90' lang='lat' dir='ltr'>opibus</span> <span class='ocrx_word' id='word_1_179' title='bbox 477 2987 510 3048; x_wconf 90' lang='lat' dir='ltr'>in</span> <span class='ocrx_word' id='word_1_180' title='bbox 540 3007 678 3068; x_wconf 87' lang='lat' dir='ltr'>regnum</span> <span class='ocrx_word' id='word_1_181' title='bbox 707 3007 816 3047; x_wconf 92' lang='lat' dir='ltr'>meum</span> <span class='ocrx_word' id='word_1_182' title='bbox 844 2985 960 3068; x_wconf 87' lang='lat' dir='ltr'>aooepi</span> <span class='ocrx_word' id='word_1_183' title='bbox 984 2984 1109 3048; x_wconf 86' lang='lat' dir='ltr'>existu-</span> 
     </span>
     <span class='ocr_line' id='line_1_27' title="bbox 127 3087 1108 3172; baseline 0.001 -21"><span class='ocrx_word' id='word_1_184' title='bbox 127 3111 220 3152; x_wconf 85' lang='lat' dir='ltr'>mans</span> <span class='ocrx_word' id='word_1_185' title='bbox 249 3113 316 3153; x_wconf 90' lang='lat' dir='ltr'>nou</span> <span class='ocrx_word' id='word_1_186' title='bbox 344 3090 451 3152; x_wconf 88' lang='lat' dir='ltr'>minus</span> <span class='ocrx_word' id='word_1_187' title='bbox 480 3111 531 3152; x_wconf 90' lang='lat' dir='ltr'>me</span> <span class='ocrx_word' id='word_1_188' title='bbox 561 3087 629 3165; x_wconf 86' lang='lat' dir='ltr'>tibi,</span> <span class='ocrx_word' id='word_1_189' title='bbox 666 3110 763 3172; x_wconf 92' lang='lat' dir='ltr'>quam</span> <span class='ocrx_word' id='word_1_190' title='bbox 795 3090 821 3151; x_wconf 92' lang='lat' dir='ltr'>si</span> <span class='ocrx_word' id='word_1_191' title='bbox 845 3088 1039 3172; x_wconf 87' lang='lat' dir='ltr'>genuissem,</span> <span class='ocrx_word' id='word_1_192' title='bbox 1066 3087 1108 3152; x_wconf 93' lang='lat' dir='ltr'>ob</span> 
     </span>
     <span class='ocr_line' id='line_1_28' title="bbox 126 3190 1109 3275; baseline 0.001 -21"><span class='ocrx_word' id='word_1_193' title='bbox 126 3190 289 3256; x_wconf 82' lang='lat' dir='ltr'>beneficia</span> <span class='ocrx_word' id='word_1_194' title='bbox 322 3215 433 3256; x_wconf 87' lang='lat' dir='ltr'>earum</span> <span class='ocrx_word' id='word_1_195' title='bbox 469 3193 549 3255; x_wconf 85' lang='lat' dir='ltr'>fore.</span> <span class='ocrx_word' id='word_1_196' title='bbox 601 3214 708 3275; x_wconf 89' lang='lat' dir='ltr'>neque</span> <span class='ocrx_word' id='word_1_197' title='bbox 743 3214 782 3254; x_wconf 90' lang='lat' dir='ltr'>ea</span> <span class='ocrx_word' id='word_1_198' title='bbox 815 3214 868 3255; x_wconf 91' lang='lat' dir='ltr'>res</span> <span class='ocrx_word' id='word_1_199' title='bbox 901 3190 1020 3253; x_wconf 87' lang='lat' dir='ltr'>falsum</span> <span class='ocrx_word' id='word_1_200' title='bbox 1054 3213 1109 3255; x_wconf 89' lang='lat' dir='ltr'>me</span> 
     </span>
     <span class='ocr_line' id='line_1_29' title="bbox 106 3292 1109 3379; baseline 0.001 -22"><span class='ocrx_word' id='word_1_201' title='bbox 106 3292 249 3358; x_wconf 75' lang='lat' dir='ltr'>ahabuit.</span> <span class='ocrx_word' id='word_1_202' title='bbox 295 3319 381 3374; x_wconf 90' lang='lat' dir='ltr'>nam,</span> <span class='ocrx_word' id='word_1_203' title='bbox 417 3305 452 3358; x_wconf 88' lang='lat' dir='ltr'>ut</span> <span class='ocrx_word' id='word_1_204' title='bbox 486 3296 550 3358; x_wconf 88' lang='lat' dir='ltr'>alia</span> <span class='ocrx_word' id='word_1_205' title='bbox 572 3318 694 3379; x_wconf 88' lang='lat' dir='ltr'>magna</span> <span class='ocrx_word' id='word_1_206' title='bbox 718 3305 750 3359; x_wconf 91' lang='lat' dir='ltr'>et</span> <span class='ocrx_word' id='word_1_207' title='bbox 774 3297 907 3379; x_wconf 89' lang='lat' dir='ltr'>egregia</span> <span class='ocrx_word' id='word_1_208' title='bbox 935 3305 990 3356; x_wconf 89' lang='lat' dir='ltr'>tua</span> <span class='ocrx_word' id='word_1_209' title='bbox 1015 3297 1109 3358; x_wconf 93' lang='lat' dir='ltr'>omit-</span> 
     </span>
     <span class='ocr_line' id='line_1_30' title="bbox 127 3397 1109 3481; baseline 0.004 -24"><span class='ocrx_word' id='word_1_210' title='bbox 127 3405 204 3475; x_wconf 86' lang='lat' dir='ltr'>tam,</span> <span class='ocrx_word' id='word_1_211' title='bbox 240 3402 426 3462; x_wconf 86' lang='lat' dir='ltr'>novissume</span> <span class='ocrx_word' id='word_1_212' title='bbox 450 3397 580 3461; x_wconf 85' lang='lat' dir='ltr'>rediens</span> <span class='ocrx_word' id='word_1_213' title='bbox 604 3399 782 3461; x_wconf 87' lang='lat' dir='ltr'>Numantia</span> <span class='ocrx_word' id='word_1_214' title='bbox 811 3421 929 3481; x_wconf 87' lang='lat' dir='ltr'>meque</span> <span class='ocrx_word' id='word_1_215' title='bbox 954 3420 1109 3481; x_wconf 88' lang='lat' dir='ltr'>regnum-</span> 
     </span>
     <span class='ocr_line' id='line_1_31' title="bbox 129 3499 1110 3584; baseline 0.001 -23"><span class='ocrx_word' id='word_1_216' title='bbox 129 3522 192 3583; x_wconf 89' lang='lat' dir='ltr'>que</span> <span class='ocrx_word' id='word_1_217' title='bbox 221 3523 328 3563; x_wconf 88' lang='lat' dir='ltr'>meum</span> <span class='ocrx_word' id='word_1_218' title='bbox 358 3501 462 3584; x_wconf 85' lang='lat' dir='ltr'>gloria</span> <span class='ocrx_word' id='word_1_219' title='bbox 489 3500 690 3563; x_wconf 87' lang='lat' dir='ltr'>honoravisti</span> <span class='ocrx_word' id='word_1_220' title='bbox 721 3510 841 3584; x_wconf 91' lang='lat' dir='ltr'>tuaque</span> <span class='ocrx_word' id='word_1_221' title='bbox 871 3501 989 3562; x_wconf 80' lang='lat' dir='ltr'>virtute</span> <span class='ocrx_word' id='word_1_222' title='bbox 1013 3499 1110 3562; x_wconf 89' lang='lat' dir='ltr'>nobis</span> 
     </span>
    </p>
   </div>
   <div class='ocr_carea' id='block_1_7' title="bbox 0 0 1206 3952">
    <p class='ocr_par' dir='ltr' id='par_1_8' title="bbox 0 0 1206 3952">
     <span class='ocr_line' id='line_1_32' title="bbox 0 0 1206 3952; baseline 0 0"><span class='ocrx_word' id='word_1_223' title='bbox 0 0 1206 3952; x_wconf 95' lang='lat' dir='ltr'> </span> 
     </span>
    </p>
   </div>
  </div>
 </body>
</html>
