2392 3952
310 224 462 275 BELLUM
480 223 746 277 IUGURTHINUM
766 227 807 274 14.
1004 221 1047 288 65

63 415 262 478 necessariis
281 412 423 476 advorsa
446 413 536 476 facta
559 422 642 490 sunt,
666 411 843 476 incolumia
865 423 1046 490 manerent,

60 526 191 594 tamen,
229 516 256 577 si
280 514 360 598 quid
382 537 425 577 ex
447 516 624 599 improviso
654 513 731 578 mali
763 512 952 592 accidisset,
987 538 1047 579 vos

62 619 291 704 implorarem,
326 627 437 703 patres
469 620 661 704 conscripti,
698 618 815 703 quibus
838 640 897 703 pro
921 621 1047 703 magni-

63 723 180 788 tudine
196 723 312 806 imperi
328 723 378 784 ius
396 730 428 785 et
443 723 577 785 iniurias
602 724 706 786 omnis
731 745 829 787 curae
854 745 924 786 esse
942 722 1046 786 decet.

62 848 153 890 nuuc
182 848 261 890 vero
291 825 369 889 exul
391 827 498 911 patria
522 825 634 904 domo,
670 826 758 890 solus
782 836 880 911 atque
904 827 1081 890 omniumrr

62 930 277 994 honestarum
306 951 415 992 rerum
447 951 563 1013 egens,
600 951 664 1014 quo
695 929 854 994 accedam
882 939 938 993 aut
967 950 1048 1012 quos

65 1031 257 1118 appellem?
280 1034 474 1097 nationesne
497 1057 540 1096 an
559 1055 663 1117 reges,
689 1036 744 1117 qui
768 1055 881 1097 omnes
905 1031 1049 1096 familiae

63 1145 199 1200 nostrae
224 1135 265 1200 ob
286 1145 431 1199 vostram
455 1137 632 1199 amicitiam
654 1137 766 1199 infesti
789 1133 886 1199 sunt?
910 1158 953 1199 an
969 1157 1048 1219 quo-

66 1261 168 1324 quam
195 1237 274 1302 mihi
305 1237 396 1302 adire
424 1238 515 1316 licet,
550 1238 607 1301 ubi
629 1262 696 1303 non
720 1241 879 1303 maiorum
902 1261 1049 1303 meorum

63 1343 199 1408 hostilia
231 1353 444 1407 monumenta
476 1342 629 1427 pluruma
663 1341 749 1407 sint?
788 1352 844 1407 aut
878 1344 1049 1427 quisquam

63 1447 171 1512 nostri
200 1449 348 1511 misereri
378 1456 500 1531 potest,
537 1448 592 1530 qui
621 1445 797 1531 aliquando
827 1445 922 1510 vobis
947 1444 1049 1509 hostis

63 1549 152 1614 fuit?
186 1559 352 1634 postremo
376 1549 550 1613 Masinissa
583 1571 644 1613 nos
674 1551 720 1613 ita
752 1550 904 1627 instituit,
939 1557 1049 1633 patres
1058 1570 1082 1608 rs

65 1655 256 1739 conscripti,
280 1675 322 1716 ne
344 1675 441 1736 quem
466 1652 647 1716 coleremus
670 1654 732 1716 nisi
755 1651 914 1737 populum
929 1652 1049 1715 Roma-

66 1779 162 1834 num,
187 1778 228 1820 ne
252 1757 427 1819 societates
450 1777 515 1819 neu
538 1754 676 1819 foedera
698 1778 786 1819 nova
809 1757 1048 1839 acciperemus:

68 1859 204 1924 abunde
236 1882 358 1943 magna
381 1858 546 1944 praesidia
579 1857 674 1921 nobis
702 1861 737 1921 in
765 1868 877 1921 vostra
907 1859 1051 1921 amicitia

63 1965 154 2044 fore3
190 1965 217 2027 si
239 1963 315 2027 huic
338 1965 474 2047 imperio
499 1963 632 2027 fortuna
653 1972 848 2040 mutaretur,
872 1983 939 2025 una
961 1961 1048 2023 ccci-

66 2067 217 2132 dundum
240 2067 336 2132 nobis
359 2089 440 2131 esse.
464 2068 583 2129 virtute
600 2088 640 2129 ac
657 2065 706 2128 dis
727 2064 913 2129 volentibus
936 2065 1047 2147 magni
1057 2083 1082 2121 19

64 2170 144 2234 estis
160 2179 193 2233 et
209 2170 369 2255 opulenti;
395 2171 504 2234 omnia
521 2167 667 2232 secunda
684 2176 715 2232 et
731 2166 941 2231 oboedientia
958 2177 1046 2231 sunt:

64 2296 131 2358 quo
157 2273 287 2338 facilius
311 2276 474 2337 sociorum
497 2273 632 2335 iniurias
655 2294 770 2335 curare
792 2271 880 2335 licet.

169 2378 312 2441 Tantum
334 2376 416 2440 illud
438 2398 564 2454 vereor,
589 2397 631 2438 ne
650 2397 731 2458 quos
754 2375 883 2459 privata
906 2375 1083 2437 amicitiam

64 2479 244 2565 Iugurthae
267 2503 383 2566 parum
403 2481 535 2564 cognita
550 2489 755 2542 transvorsos
772 2488 863 2562 agat3
888 2500 969 2562 quos
987 2499 1047 2560 ego

65 2583 165 2648 audio
188 2606 344 2647 maxuma
366 2606 428 2668 ope
445 2585 503 2647 niti
520 2582 644 2646 ambire
660 2583 800 2666 fatigare
816 2603 875 2664 yos
893 2579 1047 2664 singulos,

65 2710 109 2753 nc
126 2687 205 2771 quid
221 2686 263 2750 de
279 2686 414 2751 absente
430 2688 599 2770 incognita
616 2708 715 2749 causa
738 2687 899 2748 statuatis:
923 2684 1048 2767 fingere

64 2813 119 2855 me
141 2789 245 2854 verba
268 2799 300 2854 et
323 2789 435 2873 lugam
460 2788 625 2866 simulare,
663 2789 714 2851 cui
737 2787 865 2851 licuerit
887 2788 921 2850 in
944 2806 1046 2869 regno

64 2915 209 2958 manere.
228 2891 317 2977 quod
339 2893 464 2956 utinam
486 2892 587 2969 illuni,
612 2893 703 2955 cuius
725 2892 825 2974 impio
851 2890 998 2953 facinore
1014 2891 1081 2954 iun

64 2997 124 3060 has
140 2997 287 3060 miserias
303 2997 469 3080 proiectus
491 3017 571 3073 sum,
596 2994 712 3058 eadem
734 2992 817 3056 haec
842 2991 1047 3055 simulantem

65 3099 215 3178 videam,
245 3109 278 3163 et
301 3099 477 3183 aliquando
503 3108 558 3162 aut
581 3097 670 3182 apud
693 3120 753 3160 vos
777 3106 832 3160 aut
856 3094 944 3179 apud
968 3093 1048 3157 deos

66 3203 258 3268 immortalis
281 3225 390 3266 rerum
412 3202 628 3265 humanarum
652 3224 731 3265 cura
754 3201 890 3264 oriatur:
917 3197 1046 3275 ncilla,

68 3309 124 3392 qui
140 3329 228 3372 nunc
252 3306 430 3371 sceleribus
455 3307 520 3369 suis
544 3306 640 3369 ferox
663 3314 761 3389 atque
783 3301 973 3387 praeclarus
989 3312 1047 3379 est,

67 3410 219 3475 omnibus
252 3410 346 3474 malis
381 3410 588 3473 excruciatus
618 3408 794 3492 impietatis
821 3407 855 3468 in
877 3415 1048 3489 parentem

67 3523 229 3592 nostrum,
260 3514 370 3578 fratris
398 3515 462 3578 mei
492 3513 582 3577 necis
610 3532 822 3595 mearumque
844 3511 1048 3574 miseriarum

120 3631 224 3685 Sallust.)
894 3616 909 3664 5
