2392 3952
148 237 190 301 68
349 234 508 286 BELLUM
526 234 789 286 IUGUR'PHINUM
810 235 918 286 17-18.

88 444 122 500 17
251 423 316 486 Res
348 423 515 508 postulare
549 422 679 486 videtur
707 421 843 487 Africae
878 424 973 486 situm
1012 427 1127 508 paucis

148 548 314 610 exponere
332 538 363 590 et
379 548 434 590 eas
450 526 565 609 gentis,
591 525 785 610 quibuscum
807 525 903 589 nobis
924 525 1049 591 bellum
1073 538 1128 590 aut

118 631 286 692 ramicitia
312 629 388 706 fuit,
424 630 593 713 attingere.
633 629 692 692 sed
715 651 799 713 quae
821 628 897 693 loca
919 639 952 692 et
974 632 1126 694 nationes

143 730 184 796 00
209 732 352 797 calorem
376 742 431 795 aut
455 733 674 816 asperitatem,
700 733 778 795 item
801 732 994 796 solitudines
1019 735 1128 797 minus

142 836 352 921 frequentata
386 845 475 912 sunt,
512 835 552 898 de
586 837 631 898 eis
665 834 754 898 haud
788 835 886 900 facile
921 847 1126 920 compertum

142 941 359 1019 narraverim,
385 949 495 1002 cetera
519 961 616 1023 quarn
640 940 856 1023 paucissumis
880 937 1060 1003 absolvam.

120 1064 132 1103 a
244 1041 284 1106 ln
320 1041 479 1106 divisione
516 1041 603 1106 orbis
638 1052 745 1106 terrae
778 1043 929 1127 plerique
962 1045 997 1106 in
1031 1055 1125 1128 parte

140 1147 237 1210 tertia
258 1145 409 1209 Africam
442 1168 599 1230 posuere,
634 1148 732 1230 pauci
761 1145 987 1210 tantummodo
1010 1147 1125 1210 Asiam

119 1260 174 1313 cet
196 1250 366 1334 Europam
390 1271 479 1328 esse,
504 1248 563 1313 sed
584 1250 734 1313 Africam
757 1252 791 1313 in
814 1251 957 1335 Europa.
991 1272 1029 1314 ea
1052 1251 1126 1314 finis

141 1351 241 1417 habet
264 1353 305 1417 ab
332 1352 504 1417 occidente
534 1353 655 1417 fretum
683 1354 785 1416 nostri
809 1355 908 1416 maris
931 1363 964 1417 et
987 1352 1125 1432 Oceani,

142 1456 183 1520 ab
214 1466 286 1520 ortu
321 1458 397 1521 solis
433 1457 595 1521 declivem
629 1457 848 1536 latitudinem,
885 1480 982 1542 quem
1014 1457 1126 1520 locum

119 1559 385 1624 sOatabathmon
401 1560 529 1624 incolae
547 1561 724 1645 appellant.
746 1583 836 1625 mare
854 1583 988 1624 saevum
1002 1561 1126 1644 impor-

142 1671 287 1743 tuosum,
312 1685 392 1748 ager
415 1663 548 1747 frugum
571 1663 702 1742 fertilis,
726 1664 832 1728 bonus
855 1665 982 1748 pecori,
1007 1663 1126 1727 arbore

118 1764 354 1846 einfecundus;
380 1765 471 1830 caelo
494 1776 646 1851 terraque
662 1768 801 1850 penuria
824 1789 992 1851 aquarum.
1020 1789 1126 1852 genus

143 1868 312 1933 hominum
336 1869 458 1934 salubri
482 1892 635 1955 corpore,
663 1871 777 1949 velox,
806 1873 935 1956 patiens
958 1871 1125 1951 laborum;

141 1973 317 2058 plerosque
342 1985 494 2038 senectus
519 1973 681 2052 dissolvit,
712 1975 774 2037 nisi
798 1975 853 2058 qui
876 1972 964 2037 ferro
989 1984 1045 2037 aut
1067 1974 1126 2038 be-

143 2079 212 2140 stiis
234 2080 403 2157 interiere,
436 2100 512 2141 nam
535 2077 669 2141 morbus
691 2076 780 2140 haud
804 2099 903 2162 saepe
928 2099 1126 2162 quemquam

143 2190 284 2264 superat.
317 2180 445 2244 adhoc
469 2181 609 2245 malefici
633 2182 762 2264 generis
785 2180 938 2266 pluruma
961 2182 1125 2246 animalia.

120 2282 201 2346 ised
231 2285 286 2367 qui
316 2284 471 2348 mortales
501 2285 591 2347 initio
621 2283 771 2347 Africam
800 2283 974 2349 habuerint
1003 2287 1126 2370 quique

141 2395 258 2470 postea
288 2388 487 2452 accesserint
517 2397 572 2450 aut
596 2409 659 2471 quo
682 2385 781 2450 modo
805 2389 890 2451 inter
913 2410 948 2453 se
969 2391 1125 2473 permixti

142 2489 215 2566 sint,
240 2512 438 2574 quamquam
455 2489 495 2554 ab
512 2490 666 2569 calama,
692 2513 777 2575 quae
791 2490 967 2576 plerosque
989 2492 1125 2571 obtinet,

143 2591 310 2655 divorsum
331 2603 388 2665 est,
412 2603 532 2671 tamen,
556 2595 601 2656 uti
620 2616 662 2657 ex
676 2593 768 2657 libris
790 2595 934 2667 Punicis,
959 2596 1014 2679 qui
1036 2598 1126 2680 regis

140 2694 340 2779 Hiempsalis
365 2694 568 2774 dicebantur,
600 2697 848 2781 interpretatum
871 2695 966 2761 nobis
990 2709 1038 2762 est
1061 2702 1124 2764 uti-

143 2820 206 2882 que
235 2821 304 2862 rem
335 2821 406 2863 sese
434 2798 556 2863 habere
586 2800 727 2863 cultores
758 2803 826 2864 eius
856 2810 963 2864 terrae
996 2812 1125 2887 putant,

142 2924 240 2986 quam
274 2903 491 2986 paucissumis
526 2902 643 2967 dicam.
684 2914 827 2968 ceterum
862 2904 945 2968 fides
979 2907 1048 2969 eius
1076 2909 1125 2971 rei

141 3028 244 3089 penes
268 3015 418 3070 auctores
443 3008 512 3070 erit.

89 3123 124 3179 18
243 3108 394 3172 Africam
409 3110 500 3172 initio
516 3108 661 3174 habuere
675 3109 805 3175 Gaetuli
820 3121 852 3173 et
863 3109 997 3193 Libyes,
1014 3117 1124 3197 asperi

141 3211 336 3296 incultique,
373 3214 445 3296 quis
473 3212 565 3276 cibus
589 3224 658 3278 erat
682 3235 757 3278 caro
783 3213 889 3277 ferina
912 3224 1010 3299 atque
1033 3216 1124 3281 humi

120 3313 298 3397 zpabulum
331 3317 377 3378 uti
409 3315 594 3399 pecoribus.
634 3319 663 3380 ei
693 3339 800 3401 neque
834 3318 979 3381 moribus
1014 3341 1124 3406 neque

140 3415 214 3499 lege
227 3427 282 3480 aut
294 3420 430 3503 imperio
445 3420 636 3504 cuiusquam
651 3419 866 3504 regebantur:
882 3423 959 3504 vagi
970 3422 1123 3506 palantes

118 3542 223 3604 squas
246 3543 314 3584 nox
344 3533 498 3607 coegerat
527 3523 622 3588 sedes
650 3522 825 3587 habebant.
865 3522 924 3587 sed
946 3536 1122 3611 postquam
