2392 3952
108 189 146 252 14
374 186 526 238 BELLUM
545 185 744 239 CATILINAE
763 188 805 239 20.

105 376 282 440 dominatio
317 378 352 440 in
385 375 536 440 manibus
560 377 681 441 frustra
715 378 863 454 fuissent,
888 399 1005 461 neque
1032 401 1095 464 ego

105 503 163 565 per
196 481 363 564 ignaviam
397 490 453 543 aut
476 503 563 545 vana
584 482 719 564 ingenia
751 483 878 544 incerta
900 502 962 564 pro
990 485 1096 548 certis

83 595 281 669 coaptarem.
312 581 371 647 sed
396 585 472 667 quia
494 583 603 647 multis
628 594 660 647 et
682 586 810 667 magnis
833 585 1097 667 tempestatibus

103 710 162 752 vos
187 689 329 771 cognovi
352 686 446 750 fortis
468 686 620 772 fidosque
643 687 731 766 mihi,
770 710 808 751 eo
833 688 963 752 animus
989 711 1097 755 ausus

105 800 154 856 cst
175 812 365 854 maxumum
389 800 487 874 atque
503 790 769 875 pulcherrumum
785 791 914 856 facinus
926 793 1095 876 incipere,

104 893 199 957 simul
223 895 299 977 quia
328 891 422 956 vobis
446 892 562 957 eadem
592 916 677 977 quae
705 894 783 958 mihi
812 893 902 959 bona
931 895 1096 980 malaque

82 1016 176 1062 cesso
189 996 352 1062 intellexi:
376 1019 452 1061 nam
476 996 564 1061 idern
580 997 665 1060 velle
689 1007 787 1082 atque
810 996 899 1062 idem
921 997 1027 1076 nolle,
1054 1022 1096 1065 ea

106 1099 237 1164 demum
258 1101 353 1165 firma
376 1101 519 1165 amicitia
542 1111 600 1164 est.
986 1106 991 1113 ’

83 1221 96 1259 s
209 1201 275 1266 sed
292 1225 352 1286 ego
372 1226 455 1285 quae
472 1213 581 1267 monte
605 1205 737 1286 agitari,
762 1225 875 1268 omnes
896 1204 965 1267 iam
989 1216 1096 1273 antea

83 1303 228 1369 odivorsi
252 1304 397 1369 audistis.
424 1316 569 1371 ceterum
584 1304 662 1370 mihi
685 1308 719 1371 in
736 1305 806 1370 dies
829 1306 934 1389 magis
958 1308 1094 1375 animus

106 1409 307 1486 accenditur,
326 1431 400 1472 cum
413 1409 595 1486 considero,
610 1431 694 1492 quac
708 1409 858 1474 condicio
871 1410 959 1472 vitae
977 1410 1094 1477 futura

85 1513 156 1589 rsit,
180 1513 242 1575 nisi
265 1522 394 1577 nosmet
416 1515 478 1598 ipsi
502 1512 709 1578 vindicamus
731 1515 765 1578 in
787 1512 984 1578 libertatem.
1009 1519 1093 1581 nam

106 1626 280 1700 postquam
310 1639 362 1679 res
396 1616 528 1701 publica
557 1619 591 1679 in
615 1638 797 1700 paucorum
829 1617 1015 1700 potentium
1040 1620 1094 1684 ins

108 1729 205 1804 atque
241 1719 404 1784 dicionem
444 1721 615 1797 concessit,
652 1741 780 1802 semper
813 1719 877 1783 illis
910 1741 1007 1802 reges
1042 1731 1094 1788 te·

107 1823 256 1889 trarchae
280 1823 459 1907 vectigales
494 1845 574 1901 esse,
609 1822 723 1907 populi
746 1825 895 1887 nationes
924 1824 1099 1907 stipendia¹

108 1927 268 2011 pendere:
306 1928 405 1992 ceteri
430 1948 553 2004 omnes,
578 1928 702 1990 strenui
724 1925 813 2005 boni,
837 1924 965 1991 nobiles
989 1936 1095 2013 atque

108 2030 279 2114 ignobilem
304 2030 420 2112 volgus
437 2030 558 2093 fuimus
575 2032 644 2095 sine
661 2033 775 2114 gratia,
798 2032 867 2095 sine
883 2031 1096 2112 auctoritate,

111 2135 156 2198 eis
181 2132 326 2209 obnoxii,
351 2130 477 2216 quibus,
503 2134 528 2195 si
544 2155 597 2196 res
612 2132 747 2216 publica
761 2132 896 2210 valeret,
921 2132 1096 2202 formidini

89 2253 265 2301 cessemus.
289 2238 400 2320 itaque
418 2237 522 2300 omnis
538 2238 643 2320 gratia
658 2238 805 2320 potentia
826 2236 931 2301 honos
955 2235 1096 2306 divitiae

111 2338 200 2422 apud
222 2338 295 2404 illos
320 2349 394 2404 sunt
417 2348 472 2403 aut
496 2338 552 2404 ubi
574 2338 621 2403 illi
643 2339 773 2404 volunt:
809 2338 908 2405 nobis
928 2339 1096 2423 reliquere

89 2441 257 2525 opericna
279 2441 427 2526 repulsas
450 2441 573 2507 iudicia
597 2451 786 2528 egestatem.
812 2465 896 2527 quae
920 2464 1096 2528 quousque

110 2543 244 2611 tandem
260 2547 438 2630 patiemini,
457 2568 474 2610 o
489 2546 668 2612 fortissumi
683 2544 769 2611 viri?
786 2567 896 2610 nonne
913 2547 1015 2609 emori
1031 2569 1098 2632 per

110 2651 263 2714 virtutem
297 2659 442 2735 praestat
478 2672 575 2734 quam
610 2652 712 2715 vitam
734 2652 887 2716 miseram
921 2659 1020 2733 etque
1041 2651 1097 2719 in·

71 2768 79 2815 .’
111 2752 291 2830 honestam,
329 2752 386 2819 ubi
421 2752 548 2819 alienae
587 2754 760 2838 superbiae
799 2753 939 2820 ludibrio
979 2753 1095 2834 fuerin,

78 2880 171 2942 1oper
195 2855 339 2921 dedecus
363 2855 536 2922 amittere?
570 2881 685 2924 verum
709 2859 886 2932 enimvero,
909 2879 969 2943 pro
994 2855 1096 2925 deum

113 2971 210 3045 atque
233 2959 400 3025 hominum
422 2959 531 3039 fidem,
566 2963 704 3027 victoria
727 2963 761 3025 in
783 2983 884 3026 manu
909 2959 1004 3026 vobis
1028 2969 1096 3026 est:

112 3067 202 3149 viget
225 3072 325 3141 aetas,
358 3065 484 3129 animus
507 3063 613 3144 valet3
653 3071 768 3128 contra
789 3062 853 3128 illis
876 3064 971 3127 annis
993 3069 1095 3142 atque

115 3168 235 3233 divitiis
271 3168 379 3234 omnia
410 3176 661 3232 consenuerunt
698 3164 925 3231 tantummodo
958 3163 1093 3247 incepto

80 3295 103 3332 ιι
115 3293 196 3355 opus
213 3283 270 3349 est,
297 3280 406 3336 cetera
421 3293 473 3334 res
491 3271 654 3356 expediet.
672 3269 792 3335 etenim
809 3269 881 3352 quis
896 3264 1093 3347 mortalium,

116 3375 167 3438 cui
190 3374 284 3440 virile
307 3376 475 3459 ingenium
500 3384 558 3453 est,
583 3372 723 3439 tolerare
744 3379 853 3456 potest
874 3368 938 3435 illis
962 3366 1094 3435 divitias

116 3498 280 3562 superare,
314 3501 394 3566 quas
428 3477 632 3564 profundant
664 3478 699 3542 in
721 3470 921 3541 exstruendo
956 3474 1038 3538 mari
1062 3487 1095 3542 et
