2392 3952
110 215 153 278 48
385 212 536 264 11111111
556 212 753 264 mmmmm
772 214 812 263 ss.

85 468 88 476 ,
113 401 260 482 obstant;
286 401 406 466 diutius
422 404 456 465 in
470 401 520 465 his
536 401 618 465 loois
643 424 723 479 esse,
748 404 774 465 si
790 424 945 466 maxume
967 406 1091 468 animus

112 505 206 584 ferat,
244 505 398 569 frumenti
433 514 530 590 atque
561 504 698 568 aliarum
720 528 829 569 rerum
864 516 995 589 egestas
1018 531 1091 593 pro·

91 607 216 690 thibet3
241 631 449 694 quocumque
472 610 519 672 ire
534 607 653 693 placet,
678 609 765 672 ferro
790 610 851 672 iter
873 610 1091 693 aperiundum

90 722 170 776 sest.
217 723 418 799 quapropter
440 735 499 776 vos
521 735 650 790 moneo,
683 714 729 776 uti
753 712 829 776 forti
853 721 951 797 atque
974 726 1089 798 parato

112 818 220 880 animo
247 818 315 880 sitis
339 827 379 895 et,
416 839 489 879 oum
523 815 684 900 proelium
714 814 846 893 inibitis,
880 819 1094 882 memineritis

111 943 171 983 vos
207 920 337 984 divitias
372 918 474 983 deous
512 919 659 1003 gloriam,
698 928 870 1003 praeterea
906 919 1093 986 libertatem

89 1034 210 1108 satque
226 1025 367 1109 patriam
382 1025 417 1087 in
434 1022 557 1086 dextris
573 1025 692 1086 vostris
715 1031 856 1107 portare.
881 1024 907 1086 si
919 1026 1093 1109 vincimus,

113 1128 222 1190 omnia
244 1126 340 1190 nobis
363 1136 433 1190 tuta
457 1136 560 1205 erunt,
591 1136 791 1190 commeatus
815 1125 957 1205 abunde,
987 1131 1093 1193 muni-

113 1233 199 1315 cipia
222 1240 320 1314 atque
345 1229 493 1293 coloniae
517 1229 692 1314 patebunt3
725 1231 751 1292 si
774 1240 864 1293 metu
887 1234 1092 1310 cesserimus,

78 1355 102 1393 10
113 1332 229 1396 eadem
252 1332 308 1396 illa
331 1332 472 1396 advorsa
494 1333 587 1413 fient,
612 1355 718 1417 neque
735 1331 827 1396 loeus
843 1354 951 1417 neque
967 1337 1094 1399 amicus

76 1459 101 1496 11
111 1439 285 1521 quisquam
307 1445 406 1520 teget,
431 1458 528 1521 quem
544 1458 635 1499 arma
650 1458 717 1499 non
732 1436 884 1500 texerint.
908 1448 1092 1520 praeterea,

111 1540 239 1617 milites,
252 1561 319 1602 non
333 1538 448 1602 eadem
460 1538 555 1602 nobis
569 1550 600 1602 et
612 1539 675 1602 illis
688 1538 896 1602 necessitudo
906 1540 1092 1625 impendet:

110 1665 171 1706 nos
194 1664 254 1727 pro
278 1643 393 1727 patria,
428 1664 488 1726 pro
520 1641 680 1721 libertate,
714 1665 773 1727 pro
808 1644 877 1706 vita
910 1652 1090 1723 certamus3

110 1746 173 1810 illis
213 1767 495 1831 supervacaneum
533 1754 582 1808 est
623 1767 683 1829 pro
725 1746 872 1829 potentia
909 1769 1092 1829 paucorum

78 1869 102 1906 12
110 1872 269 1934 pugnare.
283 1871 347 1934 quo
355 1848 512 1912 audacius
521 1848 747 1933 aggredimini,
761 1871 922 1913 memores
930 1851 1091 1934 pristinae

77 1973 101 2011 11
110 1956 248 2018 virtutis.
294 1954 386 2017 liouit
423 1952 517 2016 vobis
556 1975 631 2016 oum
665 1975 791 2015 summa
824 1952 1026 2037 turpitudine
1058 1957 1092 2019 in

111 2057 209 2120 exilio
249 2065 389 2120 aetatem
427 2077 541 2140 agere3
584 2057 735 2140 potuistis
772 2055 921 2120 nonnulli
965 2057 1092 2121 Romae

76 2178 100 2215 14
110 2162 237 2223 amissis
253 2159 349 2223 bonis
366 2158 489 2221 alienas
507 2181 586 2242 opes
603 2168 812 2243 exspectare:
830 2161 906 2244 quia
917 2158 974 2223 illa
990 2161 1094 2224 foeda

110 2273 208 2347 atque
232 2261 439 2325 intoleranda
462 2263 540 2325 viris
563 2261 770 2340 videbantur,
809 2261 891 2326 haeo
916 2265 1008 2347 sequi
1034 2263 1093 2328 de-

76 2381 100 2422 15
111 2367 269 2430 crevistis.
319 2368 345 2429 si
367 2365 450 2429 haeo
484 2365 668 2451 relinquere
692 2365 798 2443 voltis,
834 2365 975 2430 audacia
1009 2389 1096 2452 opus

76 2485 100 2526 10
111 2478 173 2532 est:
198 2491 296 2533 nemo
321 2471 383 2532 nisi
406 2471 512 2532 victor
534 2491 617 2554 paoe
640 2468 763 2532 bellum
785 2471 931 2533 mutavit.
956 2492 1034 2533 nam
1057 2474 1094 2535 in

110 2573 190 2657 fuga
226 2573 363 2637 salutem
397 2595 538 2657 sperare,
574 2595 648 2636 oum
687 2594 786 2649 arma,
823 2572 940 2657 quibus
971 2595 1094 2659 eorpus

109 2679 239 2761 tegitur,
264 2677 305 2741 ab
321 2676 468 2740 hostibus
485 2678 652 2754 avorteriS,
678 2699 717 2740 ea
739 2699 818 2739 vero
843 2675 1008 2740 dementia
1032 2688 1094 2742 est.

75 2797 99 2835 1⁷
111 2803 241 2866 sempor
263 2783 297 2843 in
319 2781 445 2866 proelio
471 2782 516 2844 eis
532 2803 722 2844 maxumum
747 2790 796 2843 est
818 2779 1008 2864 perieulum,
1035 2783 1094 2866 qui

110 2908 264 2949 maxume
288 2887 416 2948 timent:
443 2884 582 2948 audacia
603 2907 662 2969 pro
687 2907 779 2947 muro
803 2883 950 2948 habetur.

76 3003 100 3042 1⁸
215 2988 298 3052 Cum
314 3010 374 3050 vos
391 2987 574 3066 considero,
591 2988 718 3066 milites,
737 2998 858 3051 etcum
875 2988 965 3052 faeta
978 2997 1096 3054 vostra

77 3101 268 3168 19aestumo,
302 3113 423 3174 magna
456 3113 508 3153 me
532 3113 608 3175 spes
637 3093 794 3154 victoriae
817 3101 915 3155 tenet.
961 3093 1092 3157 animus

110 3205 200 3258 aetas
224 3197 327 3257 virtus
350 3203 461 3256 vostra
483 3217 536 3257 me
558 3193 737 3272 hortantur,
772 3204 944 3278 praeterea
973 3216 1094 3259 neees-

75 3316 101 3354 10
110 3297 227 3376 situdo,
253 3320 338 3382 quae
362 3299 459 3360 etiam
482 3290 613 3361 timidos
637 3298 730 3361 fortis
754 3298 843 3360 facit.
882 3320 958 3361 nam
980 3298 1092 3364 multi-

109 3400 188 3464 tudo
227 3399 368 3464 hostium
407 3423 448 3463 no
488 3402 724 3465 circumvenire
763 3410 869 3486 queat,
912 3400 1095 3485 prohibent

76 3522 100 3560 21
110 3507 281 3590 angustiae
304 3504 378 3568 looi.
425 3504 514 3589 quod
537 3507 563 3568 si
586 3507 697 3568 virtuti
726 3515 856 3568 vostrae
886 3506 1093 3570 10111111οί11-
