2392 3952
309 238 464 288 amun
480 237 747 288 IUGURTHINUM
767 239 844 286 2-4.
1026 238 1069 303 53

79 431 193 492 anima
217 442 277 503 est,
311 429 358 489 ita
380 449 434 489 res
458 442 598 489 cunctae
620 425 794 510 studiaque
826 429 934 489 omnia
958 440 1069 490 nostra

80 532 233 615 eorporis
257 530 332 606 alia,
357 529 421 592 alia
445 531 546 592 animi
568 540 718 591 naturum
742 540 931 613 sequuntur.
969 530 1088 612 igitur!

80 633 259 719 praeclara
283 633 398 708 facies
432 654 574 715 magnae
597 631 741 708 divitiae
771 630 900 694 adhoc
923 633 973 693 vis
996 653 1068 694 cor·

80 739 174 822 poris
198 746 232 799 et
255 735 319 798 alia
344 737 454 797 omnia
476 734 613 797 huiusce
635 733 724 797 modi
747 734 841 797 breti
864 733 1067 812 dilabuntur3

81 851 117 903 at
139 841 255 922 ingeni
280 841 417 922 egregia
443 838 593 901 facinora
617 839 712 900 sicuti
738 840 847 900 anima
874 836 1069 900 immortalia

81 954 169 1007 sunt.
215 954 384 1026 pestremo
420 943 568 1025 eorporis
603 952 636 1003 et
665 941 816 1004 fortunae
843 940 1004 1004 bonorum
1034 949 1090 1002 uta

79 1048 212 1109 initium
245 1046 293 1108 sie
326 1045 402 1108 finis
436 1055 494 1121 est,
530 1046 704 1127 omniaque
739 1056 811 1106 orta
843 1043 1000 1107 occidunt
1036 1053 1069 1106 et

82 1159 183 1213 aucta
199 1158 393 1212 senescunt:
415 1148 552 1222 animus
568 1149 777 1230 incorruptus
793 1158 945 1210 aeternus
960 1158 1069 1209 rector

80 1251 218 1314 humani
236 1252 377 1335 generis
402 1251 470 1333 agit
488 1260 588 1333 atque
602 1248 703 1312 habet
726 1260 845 1312 cuneta
867 1271 974 1333 neque
997 1251 1067 1333 ipse

82 1354 234 1419 habetur.
271 1375 335 1437 quo
359 1355 465 1436 magis
487 1354 632 1437 pravitas
656 1375 768 1416 eorum
792 1351 986 1416 admiranda
1009 1364 1088 1431 ests

85 1460 141 1543 qui
166 1457 270 1522 dediti
293 1458 441 1540 eorporis
471 1455 600 1540 gaudiis
622 1478 683 1540 per
710 1455 824 1518 luxum
848 1467 880 1519 et
901 1457 1067 1539 ignaviam

83 1571 227 1625 aetatem
243 1570 355 1644 agunt,
381 1569 527 1622 ceterum
543 1560 720 1642 ingenium,
746 1582 809 1643 quo
828 1583 936 1644 neque
952 1559 1067 1623 melius

83 1685 193 1748 neque
209 1663 350 1747 amplius
366 1662 455 1726 aliud
478 1664 512 1725 in
528 1673 645 1726 natura
659 1663 844 1726 mortalium
861 1675 918 1740 est,
943 1664 1068 1727 incultu

84 1778 184 1851 atque
218 1765 372 1830 socordia
395 1776 583 1850 torpescere
607 1768 725 1843 sinunt,
766 1790 840 1830 eum
875 1768 1066 1850 praesertim

84 1881 152 1934 tam
167 1869 289 1933 multae
304 1870 482 1953 variaeque
499 1871 563 1932 sint
578 1880 664 1932 artes
680 1872 788 1945 animi,
807 1868 923 1952 quibus
941 1892 1067 1932 summa

86 1972 246 2037 claritudo
269 1981 414 2056 paratur.

188 2076 315 2140 Verum
331 2078 436 2139 exeis
452 2078 661 2160 magistratus
678 2086 709 2138 et
728 2077 874 2160 imperia,
898 2085 1063 2160 postremo
1083 2093 1101 2148 a

86 2180 192 2242 omnis
227 2201 307 2242 cura
340 2201 449 2242 rerum
483 2178 691 2263 publicarum
724 2181 868 2242 minume
896 2178 974 2242 mihi
1002 2178 1064 2243 hac

84 2291 279 2366 tempestate
306 2281 473 2366 cupiunda
496 2281 658 2360 videntur,
693 2285 847 2366 quoniam
869 2306 977 2369 neque
1000 2286 1064 2347 vir·
1142 2352 1143 2357 γ

84 2387 146 2449 tuti
168 2384 273 2449 honos
297 2385 393 2449 datur
416 2408 523 2470 neque
546 2386 601 2463 illi,
641 2387 758 2470 quibus
782 2410 841 2471 per
865 2388 1014 2451 fraudem
1039 2390 1065 2451 is

85 2491 156 2567 fuit,
180 2491 240 2552 tuti
257 2498 313 2552 aut
335 2511 373 2553 e0
397 2491 502 2572 magis
517 2489 645 2552 honesti
669 2499 752 2553 sunt.
777 2513 853 2553 nam
870 2492 908 2553 ivi
933 2492 1087 2575 quidemr

84 2615 201 2678 regere
234 2594 375 2678 patriam
409 2603 465 2655 aut
498 2595 653 2678 parentia,
679 2616 876 2678 quamquam
906 2605 938 2658 et
960 2596 1066 2679 possis

86 2707 119 2761 et
152 2696 273 2760 delicta
307 2698 462 2781 corrigat,
497 2707 608 2762 tamen
642 2700 864 2783 importunum
899 2711 955 2778 est,
992 2723 1065 2764 eum

84 2801 279 2884 praesertim
303 2823 416 2864 omnes
439 2824 548 2865 rerum
571 2803 768 2865 mutationes
792 2802 928 2866 caedem
952 2804 1064 2886 fugam

86 2903 214 2988 aliaque
230 2903 361 2968 hostilia
376 2905 593 2989 portendant3
618 2906 739 2968 frustra
760 2916 868 2969 autem
882 2907 940 2968 niti
957 2922 1086 2989 nequet

86 3007 176 3070 aliud
210 3029 245 3072 se
269 3000 438 3092 fatigando
474 3009 536 3071 nisi
571 3008 681 3072 odium
706 3031 863 3093 quaerere
899 3017 1064 3073 extremae

87 3109 271 3174 dementiae
296 3121 358 3192 est3
393 3113 455 3175 nisi
491 3113 575 3176 forte
611 3135 708 3197 quem
731 3112 902 3176 inhonesta
937 3122 968 3175 et
990 3132 1086 3197 per-⁴

86 3215 210 3278 niciosa
233 3213 345 3279 lubido
363 3224 453 3279 tenet
468 3217 635 3299 potentiae
651 3238 832 3300 paucorum
850 3215 950 3280 decus
967 3226 1064 3300 atque

85 3316 269 3382 libertatem
293 3341 384 3383 suam
407 3319 593 3403 gratificari.

190 3419 344 3484 Ceterum
368 3444 410 3485 ex
434 3422 504 3485 aliis
527 3425 676 3506 negotiis,
707 3445 790 3506 quae
813 3423 944 3506 ingenio
970 3437 1098 3489 exer-4

88 3533 210 3601 centur,
234 3525 268 3587 in
295 3526 408 3608 primis
431 3548 551 3610 magno
586 3528 657 3589 usui
682 3536 731 3589 est
764 3527 921 3589 memoria
955 3547 1063 3589 rerum
