2392 3952
165 225 209 290 54
412 224 564 275 annuum
581 223 847 275 rusunrmuun
865 205 889 274 rss

144 427 339 501 agestarum.
365 417 456 479 ouius
480 415 522 478 de
544 416 663 478 virtute
687 417 763 499 quia
785 414 877 478 multi
901 413 1025 490 dixere,
1050 435 1148 497 prae-

165 521 359 585 tereundum
396 530 485 604 puto,
525 518 620 582 simul
657 541 699 582 ne
736 541 796 602 per
829 517 1037 581 insolentiam
1076 520 1148 601 quis

144 625 339 687 sexistumet
361 633 481 686 memet
498 621 640 685 studium
656 643 765 684 meum
782 619 948 684 laudando
974 619 1146 684 extollere.

166 737 263 812 atque
287 749 348 809 ego
366 725 465 789 oredo
490 725 561 788 fore
585 726 649 808 qui,
675 725 751 808 quia
768 722 901 787 decrevi
924 723 1042 807 procul
1067 747 1087 786 a
1110 746 1148 787 re

163 829 298 914 publiea
331 838 471 892 aetatem
505 850 613 912 agere,
647 837 738 890 tanto
772 836 905 910 tamque
938 826 1009 889 utili
1037 825 1146 890 labori

163 956 236 996 meo
253 955 373 995 nomen
389 933 524 994 inertiae
539 932 720 1014 imponant,
744 938 832 993 eerte
850 928 967 1013 quibus
988 951 1147 992 maxuma

163 1035 323 1098 industria
345 1034 475 1097 videtur
498 1034 639 1097 salutare
668 1032 799 1118 plebem
824 1042 856 1094 et
884 1033 1045 1095 conviviis
1070 1055 1146 1116 gra-

142 1141 241 1201 ttiam
266 1160 432 1223 quaerere.
479 1139 533 1221 qui
558 1139 584 1199 si
612 1137 845 1220 reputaverint,
877 1146 909 1199 et
939 1136 1057 1220 quibus
1082 1159 1145 1219 ego

163 1240 364 1325 temporibus
394 1242 602 1324 magistratus
633 1239 771 1324 adeptus
801 1241 860 1301 sim
884 1248 915 1302 et
945 1239 1059 1323 quales
1083 1241 1146 1301 viri

163 1344 250 1408 idem
285 1343 421 1428 adsequi
455 1344 661 1427 nequiverint
696 1352 727 1406 et
760 1353 877 1427 postea
901 1365 984 1426 quae
1019 1364 1146 1426 genera

161 1446 329 1510 hominum
351 1448 385 1509 in
410 1457 558 1510 senatum
584 1447 804 1530 pervenerint,
842 1444 993 1529 profecto
1019 1448 1145 1509 existu-

162 1548 298 1613 mabunt
331 1572 383 1612 me
414 1551 518 1633 magis
552 1551 666 1612 merito
703 1571 800 1632 quam
829 1550 962 1631 ignavia
983 1548 1146 1613 iudicium

163 1655 260 1717 animi
289 1656 353 1717 mei
381 1655 557 1716 mutavisse
580 1655 750 1737 maiusque
775 1652 983 1716 commodum
1008 1675 1051 1715 ex
1076 1655 1143 1717 otio

161 1779 234 1820 meo
271 1780 368 1841 quam
403 1780 445 1820 ex
469 1757 605 1820 aliorum
628 1757 768 1840 negotiis
802 1757 849 1819 rei
883 1755 1037 1840 publicae
1060 1779 1144 1819 ven-

140 1871 279 1924 starum.
304 1884 380 1924 nam
404 1884 502 1946 saepe
527 1883 586 1944 ego
612 1859 722 1924 audivi
747 1860 786 1939 Q.
799 1860 992 1923 Maxumum
1015 1860 1052 1922 P.
1071 1859 1144 1924 Sei-

161 1965 303 2046 pionem,
328 1975 499 2047 praeterea
523 1965 662 2027 civitatis
685 1972 816 2026 nostrae
839 1963 1028 2047 praeclaros
1051 1965 1144 2027 viros

162 2066 272 2129 solitos
285 2069 330 2129 ita
343 2067 468 2129 dicere:
494 2090 567 2130 oum
583 2069 742 2130 maiorum
754 2068 913 2150 imagines
925 2067 1142 2145 intuerentur,

161 2169 455 2233 vehementissume
484 2170 544 2232 sibi
569 2171 712 2233 animum
742 2170 784 2232 ad
807 2171 960 2233 virtutem
989 2171 1141 2235 accendi.

93 2261 95 2264 ยน
140 2272 286 2335 oseilieet
309 2296 375 2336 non
399 2295 508 2335 ceram
528 2273 617 2335 illam
640 2295 747 2356 neque
763 2273 901 2357 figuram
924 2283 1048 2337 tantam
1072 2277 1142 2339 vim

160 2376 193 2437 in
217 2397 288 2438 sese
310 2374 442 2453 habere,
478 2375 536 2439 sed
559 2377 716 2440 memoria
738 2399 847 2439 rerum
877 2388 1042 2460 gestarum
1066 2401 1142 2466 eam

159 2476 323 2541 flammam
347 2481 487 2563 egregiis
520 2480 598 2541 viris
626 2481 660 2542 in
683 2491 817 2563 pectore
853 2503 1001 2544 erescere
1030 2504 1141 2566 neque

159 2582 248 2665 prius
287 2582 403 2660 sedari,
450 2606 547 2668 quam
585 2585 687 2645 virtus
726 2606 838 2646 eorum
878 2584 999 2647 famam
1039 2594 1141 2669 atque

138 2684 296 2767 rgloriam
319 2684 563 2769 adaequaverit.
610 2695 642 2748 at
671 2696 786 2750 eontra
817 2689 887 2771 quis
918 2699 967 2751 est
991 2691 1139 2753 omnium

158 2787 207 2850 his
222 2787 377 2865 moribus,
403 2791 480 2872 quin
497 2789 617 2852 divitiis
634 2800 665 2852 et
682 2791 872 2875 sumptibus,
890 2814 957 2854 non
973 2791 1140 2876 probitate

158 2914 265 2975 neque
281 2890 441 2954 industria
454 2915 528 2956 oum
543 2893 720 2956 maioribus
738 2896 803 2956 suis
820 2894 1020 2958 contendat?
1038 2897 1139 2960 etiam

158 2994 305 3058 homines
328 2997 415 3072 novi,
452 2998 505 3079 qui
536 3007 632 3059 antea
662 3020 721 3081 per
751 2999 904 3061 virtutem
935 2999 1019 3080 soliti
1044 3014 1141 3063 erant

158 3097 360 3162 nobilitatem
377 3101 575 3177 antevenire,
594 3101 704 3163 furtim
722 3112 753 3163 et
765 3124 824 3185 per
840 3102 1012 3166 latrocinia
1027 3104 1139 3186 potius

159 3223 256 3283 quam
278 3201 373 3266 bonis
397 3201 520 3265 artibus
544 3203 586 3266 ad
609 3205 745 3288 imperia
762 3215 793 3267 et
816 3204 957 3269 honores
973 3207 1137 3270 nituntur:

136 3304 296 3386 8proinde
333 3307 424 3390 quasi
457 3317 611 3390 praetura
646 3319 678 3370 et
712 3308 901 3370 consulatus
939 3319 1036 3392 atque
1072 3309 1139 3374 alia

158 3408 266 3468 omnia
289 3407 423 3472 huiusce
447 3408 536 3471 modi
559 3432 619 3494 per
642 3433 676 3473 se
699 3412 770 3494 ipsa
793 3410 882 3473 clara
906 3421 937 3473 et
960 3411 1139 3495 magnifica

157 3510 283 3572 sintae
316 3533 383 3574 non
405 3511 544 3596 perinde
571 3511 762 3590 habeantur,
798 3525 979 3592 uteorum,
1018 3516 1072 3598 qui
1097 3539 1138 3580 ea
