<?xml version="1.0" encoding="UTF-8"?>
<!DOCTYPE html PUBLIC "-//W3C//DTD XHTML 1.0 Transitional//EN"
    "http://www.w3.org/TR/xhtml1/DTD/xhtml1-transitional.dtd">
<html xmlns="http://www.w3.org/1999/xhtml" xml:lang="en" lang="en">
 <head>
  <title>
</title>
<meta http-equiv="Content-Type" content="text/html;charset=utf-8" />
  <meta name='ocr-system' content='tesseract 3.04.00' />
  <meta name='ocr-capabilities' content='ocr_page ocr_carea ocr_par ocr_line ocrx_word'/>
</head>
<body>
  <div class='ocr_page' id='page_1' title='image "bellumcatilinae00persgoog_0086.png"; bbox 0 0 2392 3952; ppageno 0'>
   <div class='ocr_carea' id='block_1_1' title="bbox 292 245 1062 314">
    <p class='ocr_par' dir='ltr' id='par_1_1' title="bbox 292 245 1062 314">
     <span class='ocr_line' id='line_1_1' title="bbox 292 245 1062 314; baseline 0.009 -18"><span class='ocrx_word' id='word_1_1' title='bbox 292 246 445 298; x_wconf 83' lang='lat' dir='ltr'><strong>BELLUM</strong></span> <span class='ocrx_word' id='word_1_2' title='bbox 462 245 725 299; x_wconf 82' lang='lat' dir='ltr'><strong>IUGURTHINUM</strong></span> <span class='ocrx_word' id='word_1_3' title='bbox 744 249 856 298; x_wconf 73' lang='lat'>25-26.</span> <span class='ocrx_word' id='word_1_4' title='bbox 1021 249 1062 314; x_wconf 73' lang='lat'>75</span> 
     </span>
    </p>
   </div>
   <div class='ocr_carea' id='block_1_2' title="bbox 79 435 1119 3619">
    <p class='ocr_par' dir='ltr' id='par_1_2' title="bbox 79 435 1101 3102">
     <span class='ocr_line' id='line_1_2' title="bbox 84 435 1062 521; baseline 0 -21"><span class='ocrx_word' id='word_1_5' title='bbox 84 446 116 500; x_wconf 89' lang='lat' dir='ltr'>ut</span> <span class='ocrx_word' id='word_1_6' title='bbox 142 437 178 500; x_wconf 91' lang='lat' dir='ltr'>in</span> <span class='ocrx_word' id='word_1_7' title='bbox 206 435 372 521; x_wconf 88' lang='lat' dir='ltr'>plerisque</span> <span class='ocrx_word' id='word_1_8' title='bbox 406 438 547 520; x_wconf 89' lang='lat' dir='ltr'>negotiis</span> <span class='ocrx_word' id='word_1_9' title='bbox 582 436 678 513; x_wconf 88' lang='lat' dir='ltr'>solet,</span> <span class='ocrx_word' id='word_1_10' title='bbox 713 438 843 520; x_wconf 80' lang='lat' dir='ltr'>privata</span> <span class='ocrx_word' id='word_1_11' title='bbox 877 439 982 520; x_wconf 87' lang='lat' dir='ltr'>gratia</span> <span class='ocrx_word' id='word_1_12' title='bbox 1006 435 1062 500; x_wconf 93' lang='lat' dir='ltr'>de·</span> 
     </span>
     <span class='ocr_line' id='line_1_3' title="bbox 81 538 1084 624; baseline -0.006 -20"><span class='ocrx_word' id='word_1_13' title='bbox 81 542 215 604; x_wconf 86' lang='lat' dir='ltr'>victum.</span> <span class='ocrx_word' id='word_1_14' title='bbox 251 539 404 624; x_wconf 89' lang='lat' dir='ltr'>legantur</span> <span class='ocrx_word' id='word_1_15' title='bbox 436 549 547 603; x_wconf 90' lang='lat' dir='ltr'>tamen</span> <span class='ocrx_word' id='word_1_16' title='bbox 577 541 612 602; x_wconf 91' lang='lat' dir='ltr'>in</span> <span class='ocrx_word' id='word_1_17' title='bbox 634 538 784 603; x_wconf 84' lang='lat' dir='ltr'>Africam</span> <span class='ocrx_word' id='word_1_18' title='bbox 812 542 953 603; x_wconf 89' lang='lat' dir='ltr'>maiores</span> <span class='ocrx_word' id='word_1_19' title='bbox 984 551 1084 605; x_wconf 73' lang='lat' dir='ltr'>natur</span> 
     </span>
     <span class='ocr_line' id='line_1_4' title="bbox 82 641 1063 727; baseline -0.001 -19"><span class='ocrx_word' id='word_1_20' title='bbox 82 642 211 708; x_wconf 89' lang='lat' dir='ltr'>nobiles</span> <span class='ocrx_word' id='word_1_21' title='bbox 235 642 351 727; x_wconf 88' lang='lat' dir='ltr'>amplis</span> <span class='ocrx_word' id='word_1_22' title='bbox 374 641 553 706; x_wconf 83' lang='lat' dir='ltr'>honoribus</span> <span class='ocrx_word' id='word_1_23' title='bbox 576 645 640 722; x_wconf 90' lang='lat' dir='ltr'>usi;</span> <span class='ocrx_word' id='word_1_24' title='bbox 664 645 698 706; x_wconf 90' lang='lat' dir='ltr'>in</span> <span class='ocrx_word' id='word_1_25' title='bbox 723 645 795 727; x_wconf 90' lang='lat' dir='ltr'>quis</span> <span class='ocrx_word' id='word_1_26' title='bbox 818 644 880 707; x_wconf 85' lang='lat' dir='ltr'>fuit</span> <span class='ocrx_word' id='word_1_27' title='bbox 898 643 943 706; x_wconf 91' lang='lat' dir='ltr'>M.</span> <span class='ocrx_word' id='word_1_28' title='bbox 961 643 1063 707; x_wconf 86' lang='lat' dir='ltr'>Scau·</span> 
     </span>
     <span class='ocr_line' id='line_1_5' title="bbox 82 746 1063 830; baseline -0.002 -19"><span class='ocrx_word' id='word_1_29' title='bbox 82 769 146 825; x_wconf 87' lang='lat' dir='ltr'>rus,</span> <span class='ocrx_word' id='word_1_30' title='bbox 172 746 214 810; x_wconf 87' lang='lat' dir='ltr'>de</span> <span class='ocrx_word' id='word_1_31' title='bbox 239 768 303 830; x_wconf 91' lang='lat' dir='ltr'>quo</span> <span class='ocrx_word' id='word_1_32' title='bbox 328 768 427 830; x_wconf 90' lang='lat' dir='ltr'>supra</span> <span class='ocrx_word' id='word_1_33' title='bbox 449 747 711 823; x_wconf 87' lang='lat' dir='ltr'>memoravimus,</span> <span class='ocrx_word' id='word_1_34' title='bbox 737 746 919 809; x_wconf 91' lang='lat' dir='ltr'>consularis</span> <span class='ocrx_word' id='word_1_35' title='bbox 943 757 975 810; x_wconf 94' lang='lat' dir='ltr'>et</span> <span class='ocrx_word' id='word_1_36' title='bbox 994 757 1063 810; x_wconf 91' lang='lat' dir='ltr'>tum</span> 
     </span>
     <span class='ocr_line' id='line_1_6' title="bbox 83 848 1084 934; baseline -0.003 -21"><span class='ocrx_word' id='word_1_37' title='bbox 83 860 219 916; x_wconf 89' lang='lat' dir='ltr'>senatus</span> <span class='ocrx_word' id='word_1_38' title='bbox 241 850 405 934; x_wconf 86' lang='lat' dir='ltr'>princeps.</span> <span class='ocrx_word' id='word_1_39' title='bbox 431 851 469 927; x_wconf 93' lang='lat' dir='ltr'>ei,</span> <span class='ocrx_word' id='word_1_40' title='bbox 495 848 584 933; x_wconf 92' lang='lat' dir='ltr'>quod</span> <span class='ocrx_word' id='word_1_41' title='bbox 599 872 651 913; x_wconf 88' lang='lat' dir='ltr'>res</span> <span class='ocrx_word' id='word_1_42' title='bbox 666 851 701 912; x_wconf 93' lang='lat' dir='ltr'>in</span> <span class='ocrx_word' id='word_1_43' title='bbox 716 848 842 913; x_wconf 91' lang='lat' dir='ltr'>invidia</span> <span class='ocrx_word' id='word_1_44' title='bbox 865 859 944 928; x_wconf 88' lang='lat' dir='ltr'>erat,</span> <span class='ocrx_word' id='word_1_45' title='bbox 970 850 1084 914; x_wconf 72' lang='lat' dir='ltr'>simula</span> 
     </span>
     <span class='ocr_line' id='line_1_7' title="bbox 81 951 1062 1031; baseline -0.002 -12"><span class='ocrx_word' id='word_1_46' title='bbox 81 964 114 1019; x_wconf 89' lang='lat' dir='ltr'>et</span> <span class='ocrx_word' id='word_1_47' title='bbox 136 951 180 1018; x_wconf 86' lang='lat' dir='ltr'>ab</span> <span class='ocrx_word' id='word_1_48' title='bbox 203 952 355 1016; x_wconf 91' lang='lat' dir='ltr'>Numidis</span> <span class='ocrx_word' id='word_1_49' title='bbox 379 952 555 1030; x_wconf 88' lang='lat' dir='ltr'>obsecrati,</span> <span class='ocrx_word' id='word_1_50' title='bbox 581 952 688 1016; x_wconf 88' lang='lat' dir='ltr'>triduo</span> <span class='ocrx_word' id='word_1_51' title='bbox 712 955 823 1016; x_wconf 85' lang='lat' dir='ltr'><strong>navim</strong></span> <span class='ocrx_word' id='word_1_52' title='bbox 846 952 1062 1031; x_wconf 81' lang='lat' dir='ltr'>adscendere,</span> 
     </span>
     <span class='ocr_line' id='line_1_8' title="bbox 81 1055 1064 1140; baseline 0 -20"><span class='ocrx_word' id='word_1_53' title='bbox 81 1056 160 1120; x_wconf 90' lang='lat' dir='ltr'>dein</span> <span class='ocrx_word' id='word_1_54' title='bbox 194 1055 289 1120; x_wconf 89' lang='lat' dir='ltr'>brevi</span> <span class='ocrx_word' id='word_1_55' title='bbox 319 1055 452 1119; x_wconf 82' lang='lat' dir='ltr'><strong>Uticam</strong></span> <span class='ocrx_word' id='word_1_56' title='bbox 486 1055 616 1140; x_wconf 83' lang='lat' dir='ltr'>appulsi</span> <span class='ocrx_word' id='word_1_57' title='bbox 648 1055 773 1120; x_wconf 79' lang='lat' dir='ltr'>litteras</span> <span class='ocrx_word' id='word_1_58' title='bbox 807 1055 850 1119; x_wconf 90' lang='lat' dir='ltr'>ad</span> <span class='ocrx_word' id='word_1_59' title='bbox 873 1055 1064 1140; x_wconf 88' lang='lat' dir='ltr'>Iugurtham</span> 
     </span>
     <span class='ocr_line' id='line_1_9' title="bbox 79 1158 1063 1244; baseline 0 -21"><span class='ocrx_word' id='word_1_60' title='bbox 79 1161 229 1223; x_wconf 89' lang='lat' dir='ltr'>mittunt:</span> <span class='ocrx_word' id='word_1_61' title='bbox 269 1182 367 1243; x_wconf 76' lang='lat' dir='ltr'>quani</span> <span class='ocrx_word' id='word_1_62' title='bbox 402 1161 564 1222; x_wconf 80' lang='lat' dir='ltr'>ocissume</span> <span class='ocrx_word' id='word_1_63' title='bbox 598 1158 641 1222; x_wconf 91' lang='lat' dir='ltr'>ad</span> <span class='ocrx_word' id='word_1_64' title='bbox 675 1161 880 1244; x_wconf 79' lang='lat' dir='ltr'>provinciam</span> <span class='ocrx_word' id='word_1_65' title='bbox 914 1159 1063 1238; x_wconf 89' lang='lat' dir='ltr'>accedat,</span> 
     </span>
     <span class='ocr_line' id='line_1_10' title="bbox 81 1261 1085 1348; baseline -0.003 -21"><span class='ocrx_word' id='word_1_66' title='bbox 81 1284 185 1348; x_wconf 86' lang='lat' dir='ltr'>seque</span> <span class='ocrx_word' id='word_1_67' title='bbox 215 1261 258 1325; x_wconf 80' lang='lat' dir='ltr'>ad</span> <span class='ocrx_word' id='word_1_68' title='bbox 287 1285 361 1326; x_wconf 88' lang='lat' dir='ltr'>eum</span> <span class='ocrx_word' id='word_1_69' title='bbox 390 1262 431 1327; x_wconf 91' lang='lat' dir='ltr'>ab</span> <span class='ocrx_word' id='word_1_70' title='bbox 461 1273 576 1326; x_wconf 92' lang='lat' dir='ltr'>senatu</span> <span class='ocrx_word' id='word_1_71' title='bbox 604 1265 729 1326; x_wconf 88' lang='lat' dir='ltr'>missos.</span> <span class='ocrx_word' id='word_1_72' title='bbox 767 1263 823 1326; x_wconf 90' lang='lat' dir='ltr'>ille</span> <span class='ocrx_word' id='word_1_73' title='bbox 852 1262 908 1326; x_wconf 93' lang='lat' dir='ltr'>ubi</span> <span class='ocrx_word' id='word_1_74' title='bbox 936 1265 1085 1348; x_wconf 82' lang='lat' dir='ltr'>accepite</span> 
     </span>
     <span class='ocr_line' id='line_1_11' title="bbox 83 1364 1065 1451; baseline 0.001 -22"><span class='ocrx_word' id='word_1_75' title='bbox 83 1364 236 1430; x_wconf 88' lang='lat' dir='ltr'>homines</span> <span class='ocrx_word' id='word_1_76' title='bbox 252 1366 368 1444; x_wconf 88' lang='lat' dir='ltr'>claros,</span> <span class='ocrx_word' id='word_1_77' title='bbox 394 1389 532 1451; x_wconf 92' lang='lat' dir='ltr'>quorum</span> <span class='ocrx_word' id='word_1_78' title='bbox 556 1368 783 1430; x_wconf 89' lang='lat' dir='ltr'>auctoritatem</span> <span class='ocrx_word' id='word_1_79' title='bbox 799 1367 923 1430; x_wconf 87' lang='lat' dir='ltr'>Romae</span> <span class='ocrx_word' id='word_1_80' title='bbox 939 1367 1065 1451; x_wconf 90' lang='lat' dir='ltr'>pollere</span> 
     </span>
     <span class='ocr_line' id='line_1_12' title="bbox 85 1469 1063 1554; baseline 0.002 -22"><span class='ocrx_word' id='word_1_81' title='bbox 85 1469 274 1547; x_wconf 86' lang='lat' dir='ltr'>audiverat,</span> <span class='ocrx_word' id='word_1_82' title='bbox 310 1480 425 1534; x_wconf 90' lang='lat' dir='ltr'>contra</span> <span class='ocrx_word' id='word_1_83' title='bbox 458 1472 626 1554; x_wconf 88' lang='lat' dir='ltr'>inceptum</span> <span class='ocrx_word' id='word_1_84' title='bbox 655 1493 748 1533; x_wconf 89' lang='lat' dir='ltr'>snum</span> <span class='ocrx_word' id='word_1_85' title='bbox 778 1473 923 1548; x_wconf 86' lang='lat' dir='ltr'>venisse,</span> <span class='ocrx_word' id='word_1_86' title='bbox 958 1472 1063 1554; x_wconf 90' lang='lat' dir='ltr'>primo</span> 
     </span>
     <span class='ocr_line' id='line_1_13' title="bbox 85 1570 1063 1657; baseline -0.003 -19"><span class='ocrx_word' id='word_1_87' title='bbox 85 1583 269 1638; x_wconf 88' lang='lat' dir='ltr'>commotus</span> <span class='ocrx_word' id='word_1_88' title='bbox 292 1583 381 1638; x_wconf 89' lang='lat' dir='ltr'>metu</span> <span class='ocrx_word' id='word_1_89' title='bbox 404 1581 502 1657; x_wconf 90' lang='lat' dir='ltr'>atque</span> <span class='ocrx_word' id='word_1_90' title='bbox 525 1572 672 1637; x_wconf 88' lang='lat' dir='ltr'>lubidine</span> <span class='ocrx_word' id='word_1_91' title='bbox 690 1573 840 1636; x_wconf 87' lang='lat' dir='ltr'>divorsus</span> <span class='ocrx_word' id='word_1_92' title='bbox 862 1570 1063 1657; x_wconf 84' lang='lat' dir='ltr'>agitabatur:</span> 
     </span>
     <span class='ocr_line' id='line_1_14' title="bbox 85 1675 1085 1761; baseline 0.001 -21"><span class='ocrx_word' id='word_1_93' title='bbox 85 1675 225 1740; x_wconf 86' lang='lat' dir='ltr'>timebat</span> <span class='ocrx_word' id='word_1_94' title='bbox 258 1677 340 1740; x_wconf 90' lang='lat' dir='ltr'>iram</span> <span class='ocrx_word' id='word_1_95' title='bbox 372 1686 519 1754; x_wconf 89' lang='lat' dir='ltr'>senatus,</span> <span class='ocrx_word' id='word_1_96' title='bbox 554 1678 588 1739; x_wconf 91' lang='lat' dir='ltr'>ni</span> <span class='ocrx_word' id='word_1_97' title='bbox 610 1679 772 1761; x_wconf 88' lang='lat' dir='ltr'>paruisset</span> <span class='ocrx_word' id='word_1_98' title='bbox 799 1677 931 1761; x_wconf 72' lang='lat' dir='ltr'>legatis,</span> <span class='ocrx_word' id='word_1_99' title='bbox 966 1675 1085 1761; x_wconf 74' lang='lat' dir='ltr'>porros</span> 
     </span>
     <span class='ocr_line' id='line_1_15' title="bbox 86 1777 1065 1863; baseline -0.001 -20"><span class='ocrx_word' id='word_1_100' title='bbox 86 1781 216 1843; x_wconf 88' lang='lat' dir='ltr'>animus</span> <span class='ocrx_word' id='word_1_101' title='bbox 247 1777 400 1863; x_wconf 89' lang='lat' dir='ltr'>cupidine</span> <span class='ocrx_word' id='word_1_102' title='bbox 429 1802 547 1842; x_wconf 88' lang='lat' dir='ltr'>caecus</span> <span class='ocrx_word' id='word_1_103' title='bbox 571 1778 614 1842; x_wconf 92' lang='lat' dir='ltr'>ad</span> <span class='ocrx_word' id='word_1_104' title='bbox 637 1781 804 1863; x_wconf 91' lang='lat' dir='ltr'>inceptum</span> <span class='ocrx_word' id='word_1_105' title='bbox 829 1779 935 1842; x_wconf 89' lang='lat' dir='ltr'>scelus</span> <span class='ocrx_word' id='word_1_106' title='bbox 958 1781 1065 1862; x_wconf 87' lang='lat' dir='ltr'>rapie-</span> 
     </span>
     <span class='ocr_line' id='line_1_16' title="bbox 81 1881 1087 1966; baseline -0.003 -20"><span class='ocrx_word' id='word_1_107' title='bbox 81 1882 195 1948; x_wconf 86' lang='lat' dir='ltr'>batur.</span> <span class='ocrx_word' id='word_1_108' title='bbox 226 1884 306 1946; x_wconf 85' lang='lat' dir='ltr'>vicit</span> <span class='ocrx_word' id='word_1_109' title='bbox 335 1894 445 1946; x_wconf 88' lang='lat' dir='ltr'>tamen</span> <span class='ocrx_word' id='word_1_110' title='bbox 469 1885 502 1945; x_wconf 92' lang='lat' dir='ltr'>in</span> <span class='ocrx_word' id='word_1_111' title='bbox 526 1881 623 1945; x_wconf 78' lang='lat' dir='ltr'>arido</span> <span class='ocrx_word' id='word_1_112' title='bbox 652 1885 785 1965; x_wconf 91' lang='lat' dir='ltr'>ingenio</span> <span class='ocrx_word' id='word_1_113' title='bbox 816 1904 955 1966; x_wconf 91' lang='lat' dir='ltr'>pravum</span> <span class='ocrx_word' id='word_1_114' title='bbox 986 1903 1087 1944; x_wconf 84' lang='lat' dir='ltr'>con-a</span> 
     </span>
     <span class='ocr_line' id='line_1_17' title="bbox 83 1983 1086 2069; baseline -0.005 -20"><span class='ocrx_word' id='word_1_115' title='bbox 83 1986 202 2050; x_wconf 87' lang='lat' dir='ltr'>silium.</span> <span class='ocrx_word' id='word_1_116' title='bbox 226 1987 326 2069; x_wconf 89' lang='lat' dir='ltr'>igitur</span> <span class='ocrx_word' id='word_1_117' title='bbox 348 1988 495 2050; x_wconf 84' lang='lat' dir='ltr'>exercitu</span> <span class='ocrx_word' id='word_1_118' title='bbox 519 1985 721 2049; x_wconf 89' lang='lat' dir='ltr'>circumdato</span> <span class='ocrx_word' id='word_1_119' title='bbox 746 2007 873 2048; x_wconf 89' lang='lat' dir='ltr'>sunnna</span> <span class='ocrx_word' id='word_1_120' title='bbox 887 1986 921 2047; x_wconf 87' lang='lat' dir='ltr'>vi</span> <span class='ocrx_word' id='word_1_121' title='bbox 939 1983 1086 2048; x_wconf 78' lang='lat' dir='ltr'>Cirtamo</span> 
     </span>
     <span class='ocr_line' id='line_1_18' title="bbox 81 2087 1067 2174; baseline -0.003 -21"><span class='ocrx_word' id='word_1_122' title='bbox 81 2091 272 2174; x_wconf 83' lang='lat' dir='ltr'>inrumpere</span> <span class='ocrx_word' id='word_1_123' title='bbox 305 2090 418 2153; x_wconf 82' lang='lat' dir='ltr'>nititrn·</span> <span class='ocrx_word' id='word_1_124' title='bbox 448 2111 602 2152; x_wconf 82' lang='lat' dir='ltr'>maxume</span> <span class='ocrx_word' id='word_1_125' title='bbox 633 2111 769 2173; x_wconf 87' lang='lat' dir='ltr'>sperans</span> <span class='ocrx_word' id='word_1_126' title='bbox 802 2087 936 2152; x_wconf 90' lang='lat' dir='ltr'>diducta</span> <span class='ocrx_word' id='word_1_127' title='bbox 963 2110 1067 2151; x_wconf 88' lang='lat' dir='ltr'>manu</span> 
     </span>
     <span class='ocr_line' id='line_1_19' title="bbox 83 2192 1066 2257; baseline -0.002 -1"><span class='ocrx_word' id='word_1_128' title='bbox 83 2192 229 2257; x_wconf 91' lang='lat' dir='ltr'>hostium</span> <span class='ocrx_word' id='word_1_129' title='bbox 257 2204 313 2255; x_wconf 91' lang='lat' dir='ltr'>aut</span> <span class='ocrx_word' id='word_1_130' title='bbox 339 2194 372 2255; x_wconf 88' lang='lat' dir='ltr'>vi</span> <span class='ocrx_word' id='word_1_131' title='bbox 396 2203 452 2256; x_wconf 89' lang='lat' dir='ltr'>aut</span> <span class='ocrx_word' id='word_1_132' title='bbox 481 2192 564 2256; x_wconf 88' lang='lat' dir='ltr'>dolis</span> <span class='ocrx_word' id='word_1_133' title='bbox 593 2215 665 2256; x_wconf 88' lang='lat' dir='ltr'>sese</span> <span class='ocrx_word' id='word_1_134' title='bbox 694 2215 806 2257; x_wconf 87' lang='lat' dir='ltr'>casum</span> <span class='ocrx_word' id='word_1_135' title='bbox 837 2193 995 2256; x_wconf 86' lang='lat' dir='ltr'>victoriae</span> <span class='ocrx_word' id='word_1_136' title='bbox 1017 2193 1066 2255; x_wconf 92' lang='lat' dir='ltr'>in-</span> 
     </span>
     <span class='ocr_line' id='line_1_20' title="bbox 86 2293 1101 2379; baseline -0.002 -20"><span class='ocrx_word' id='word_1_137' title='bbox 86 2304 272 2359; x_wconf 91' lang='lat' dir='ltr'>venturum.</span> <span class='ocrx_word' id='word_1_138' title='bbox 312 2293 401 2378; x_wconf 92' lang='lat' dir='ltr'>quod</span> <span class='ocrx_word' id='word_1_139' title='bbox 429 2294 485 2358; x_wconf 92' lang='lat' dir='ltr'>nbi</span> <span class='ocrx_word' id='word_1_140' title='bbox 515 2317 609 2359; x_wconf 88' lang='lat' dir='ltr'>secus</span> <span class='ocrx_word' id='word_1_141' title='bbox 640 2294 791 2379; x_wconf 92' lang='lat' dir='ltr'>procedit</span> <span class='ocrx_word' id='word_1_142' title='bbox 820 2317 942 2379; x_wconf 91' lang='lat' dir='ltr'>neque,</span> <span class='ocrx_word' id='word_1_143' title='bbox 978 2293 1101 2378; x_wconf 77' lang='lat' dir='ltr'>qnodm</span> 
     </span>
     <span class='ocr_line' id='line_1_21' title="bbox 85 2396 1067 2483; baseline 0 -22"><span class='ocrx_word' id='word_1_144' title='bbox 85 2396 288 2476; x_wconf 83' lang='lat' dir='ltr'>intenderat,</span> <span class='ocrx_word' id='word_1_145' title='bbox 325 2397 458 2462; x_wconf 83' lang='lat' dir='ltr'>efficere</span> <span class='ocrx_word' id='word_1_146' title='bbox 487 2408 611 2483; x_wconf 88' lang='lat' dir='ltr'>potest,</span> <span class='ocrx_word' id='word_1_147' title='bbox 646 2408 696 2476; x_wconf 92' lang='lat' dir='ltr'>ut,</span> <span class='ocrx_word' id='word_1_148' title='bbox 727 2400 918 2482; x_wconf 88' lang='lat' dir='ltr'>priusquam</span> <span class='ocrx_word' id='word_1_149' title='bbox 940 2398 1067 2481; x_wconf 88' lang='lat' dir='ltr'>legatos</span> 
     </span>
     <span class='ocr_line' id='line_1_22' title="bbox 89 2500 1066 2586; baseline -0.001 -21"><span class='ocrx_word' id='word_1_150' title='bbox 89 2502 291 2579; x_wconf 89' lang='lat' dir='ltr'>conveniret,</span> <span class='ocrx_word' id='word_1_151' title='bbox 304 2500 503 2564; x_wconf 85' lang='lat' dir='ltr'>Adherbalis</span> <span class='ocrx_word' id='word_1_152' title='bbox 515 2503 684 2586; x_wconf 89' lang='lat' dir='ltr'>potiretur,</span> <span class='ocrx_word' id='word_1_153' title='bbox 701 2523 743 2564; x_wconf 92' lang='lat' dir='ltr'>ne</span> <span class='ocrx_word' id='word_1_154' title='bbox 756 2500 895 2585; x_wconf 89' lang='lat' dir='ltr'>amplius</span> <span class='ocrx_word' id='word_1_155' title='bbox 907 2500 1066 2564; x_wconf 90' lang='lat' dir='ltr'>morando</span> 
     </span>
     <span class='ocr_line' id='line_1_23' title="bbox 86 2602 1066 2689; baseline 0 -22"><span class='ocrx_word' id='word_1_156' title='bbox 86 2602 262 2682; x_wconf 84' lang='lat' dir='ltr'>Scaurum,</span> <span class='ocrx_word' id='word_1_157' title='bbox 298 2626 395 2688; x_wconf 90' lang='lat' dir='ltr'>quem</span> <span class='ocrx_word' id='word_1_158' title='bbox 428 2605 616 2689; x_wconf 91' lang='lat' dir='ltr'>plurumum</span> <span class='ocrx_word' id='word_1_159' title='bbox 647 2603 830 2682; x_wconf 88' lang='lat' dir='ltr'>metuebat,</span> <span class='ocrx_word' id='word_1_160' title='bbox 864 2602 1066 2681; x_wconf 89' lang='lat' dir='ltr'>incenderet,</span> 
     </span>
     <span class='ocr_line' id='line_1_24' title="bbox 86 2708 1101 2792; baseline 0 -20"><span class='ocrx_word' id='word_1_161' title='bbox 86 2729 162 2772; x_wconf 89' lang='lat' dir='ltr'>cum</span> <span class='ocrx_word' id='word_1_162' title='bbox 184 2708 299 2792; x_wconf 89' lang='lat' dir='ltr'>paucis</span> <span class='ocrx_word' id='word_1_163' title='bbox 324 2708 486 2792; x_wconf 89' lang='lat' dir='ltr'>equitibus</span> <span class='ocrx_word' id='word_1_164' title='bbox 513 2711 548 2771; x_wconf 90' lang='lat' dir='ltr'>in</span> <span class='ocrx_word' id='word_1_165' title='bbox 572 2709 776 2792; x_wconf 86' lang='lat' dir='ltr'>provinciam</span> <span class='ocrx_word' id='word_1_166' title='bbox 800 2708 899 2771; x_wconf 90' lang='lat' dir='ltr'>venit.</span> <span class='ocrx_word' id='word_1_167' title='bbox 923 2729 963 2769; x_wconf 91' lang='lat' dir='ltr'>ac</span> <span class='ocrx_word' id='word_1_168' title='bbox 985 2718 1066 2769; x_wconf 90' lang='lat' dir='ltr'>tam·</span> <span class='ocrx_word' id='word_1_169' title='bbox 1077 2735 1101 2772; x_wconf 89' lang='lat'>11</span> 
     </span>
     <span class='ocr_line' id='line_1_25' title="bbox 86 2807 1067 2895; baseline -0.003 -21"><span class='ocrx_word' id='word_1_170' title='bbox 86 2812 147 2874; x_wconf 89' lang='lat' dir='ltr'>etsi</span> <span class='ocrx_word' id='word_1_171' title='bbox 172 2813 276 2874; x_wconf 88' lang='lat' dir='ltr'>senati</span> <span class='ocrx_word' id='word_1_172' title='bbox 299 2810 408 2874; x_wconf 88' lang='lat' dir='ltr'>verbis</span> <span class='ocrx_word' id='word_1_173' title='bbox 433 2834 551 2895; x_wconf 87' lang='lat' dir='ltr'>graves</span> <span class='ocrx_word' id='word_1_174' title='bbox 574 2813 681 2874; x_wconf 89' lang='lat' dir='ltr'>minae</span> <span class='ocrx_word' id='word_1_175' title='bbox 706 2809 952 2887; x_wconf 90' lang='lat' dir='ltr'>nuntiabantur,</span> <span class='ocrx_word' id='word_1_176' title='bbox 978 2807 1067 2893; x_wconf 90' lang='lat' dir='ltr'>quod</span> 
     </span>
     <span class='ocr_line' id='line_1_26' title="bbox 87 2912 1066 2998; baseline -0.004 -20"><span class='ocrx_word' id='word_1_177' title='bbox 87 2912 131 2978; x_wconf 88' lang='lat' dir='ltr'>ab</span> <span class='ocrx_word' id='word_1_178' title='bbox 153 2916 400 2998; x_wconf 86' lang='lat' dir='ltr'>oppugnatione</span> <span class='ocrx_word' id='word_1_179' title='bbox 424 2937 490 2978; x_wconf 87' lang='lat' dir='ltr'>non</span> <span class='ocrx_word' id='word_1_180' title='bbox 515 2914 702 2991; x_wconf 79' lang='lat' dir='ltr'>desisteret,</span> <span class='ocrx_word' id='word_1_181' title='bbox 735 2913 837 2976; x_wconf 86' lang='lat' dir='ltr'>multa</span> <span class='ocrx_word' id='word_1_182' title='bbox 859 2923 969 2976; x_wconf 89' lang='lat' dir='ltr'>tamen</span> <span class='ocrx_word' id='word_1_183' title='bbox 995 2934 1066 2975; x_wconf 86' lang='lat' dir='ltr'>ora·</span> 
     </span>
     <span class='ocr_line' id='line_1_27' title="bbox 85 3016 879 3102; baseline -0.003 -22"><span class='ocrx_word' id='word_1_184' title='bbox 85 3018 179 3080; x_wconf 92' lang='lat' dir='ltr'>tione</span> <span class='ocrx_word' id='word_1_185' title='bbox 203 3027 397 3102; x_wconf 87' lang='lat' dir='ltr'>consumpta</span> <span class='ocrx_word' id='word_1_186' title='bbox 421 3016 521 3101; x_wconf 85' lang='lat' dir='ltr'>legati</span> <span class='ocrx_word' id='word_1_187' title='bbox 544 3018 666 3080; x_wconf 83' lang='lat' dir='ltr'>frustra</span> <span class='ocrx_word' id='word_1_188' title='bbox 690 3016 879 3080; x_wconf 87' lang='lat' dir='ltr'>discessere.</span> 
     </span>
    </p>

    <p class='ocr_par' dir='ltr' id='par_1_3' title="bbox 84 3118 1119 3619">
     <span class='ocr_line' id='line_1_28' title="bbox 188 3118 1119 3204; baseline -0.003 -20"><span class='ocrx_word' id='word_1_189' title='bbox 188 3120 240 3184; x_wconf 85' lang='lat' dir='ltr'>Ea</span> <span class='ocrx_word' id='word_1_190' title='bbox 262 3130 438 3204; x_wconf 88' lang='lat' dir='ltr'>postquam</span> <span class='ocrx_word' id='word_1_191' title='bbox 462 3120 572 3185; x_wconf 79' lang='lat' dir='ltr'>Cirtae</span> <span class='ocrx_word' id='word_1_192' title='bbox 596 3119 709 3184; x_wconf 90' lang='lat' dir='ltr'>audita</span> <span class='ocrx_word' id='word_1_193' title='bbox 732 3130 815 3198; x_wconf 89' lang='lat' dir='ltr'>sunt,</span> <span class='ocrx_word' id='word_1_194' title='bbox 839 3118 961 3195; x_wconf 89' lang='lat' dir='ltr'>Italici,</span> <span class='ocrx_word' id='word_1_195' title='bbox 987 3141 1067 3203; x_wconf 91' lang='lat' dir='ltr'>quo·</span> <span class='ocrx_word' id='word_1_196' title='bbox 1084 3134 1119 3189; x_wconf 78' lang='lat'>26</span> 
     </span>
     <span class='ocr_line' id='line_1_29' title="bbox 84 3222 1067 3300; baseline 0 -13"><span class='ocrx_word' id='word_1_197' title='bbox 84 3245 159 3287; x_wconf 90' lang='lat' dir='ltr'>rum</span> <span class='ocrx_word' id='word_1_198' title='bbox 181 3224 302 3287; x_wconf 86' lang='lat' dir='ltr'>virtute</span> <span class='ocrx_word' id='word_1_199' title='bbox 324 3226 455 3287; x_wconf 88' lang='lat' dir='ltr'>moenia</span> <span class='ocrx_word' id='word_1_200' title='bbox 472 3222 739 3300; x_wconf 82' lang='lat' dir='ltr'>defensabantur,</span> <span class='ocrx_word' id='word_1_201' title='bbox 765 3224 879 3287; x_wconf 89' lang='lat' dir='ltr'>confisi</span> <span class='ocrx_word' id='word_1_202' title='bbox 901 3222 1067 3287; x_wconf 88' lang='lat' dir='ltr'>deditione</span> 
     </span>
     <span class='ocr_line' id='line_1_30' title="bbox 86 3326 1066 3412; baseline 0 -22"><span class='ocrx_word' id='word_1_203' title='bbox 86 3327 179 3390; x_wconf 87' lang='lat' dir='ltr'>facta</span> <span class='ocrx_word' id='word_1_204' title='bbox 207 3336 343 3411; x_wconf 90' lang='lat' dir='ltr'>propter</span> <span class='ocrx_word' id='word_1_205' title='bbox 371 3326 632 3411; x_wconf 83' lang='lat' dir='ltr'>magnitudinem</span> <span class='ocrx_word' id='word_1_206' title='bbox 660 3327 773 3412; x_wconf 91' lang='lat' dir='ltr'>populi</span> <span class='ocrx_word' id='word_1_207' title='bbox 797 3328 936 3390; x_wconf 87' lang='lat' dir='ltr'>Romani</span> <span class='ocrx_word' id='word_1_208' title='bbox 963 3329 1066 3391; x_wconf 82' lang='lat' dir='ltr'>invio·</span> 
     </span>
     <span class='ocr_line' id='line_1_31' title="bbox 85 3429 1079 3516; baseline 0.003 -23"><span class='ocrx_word' id='word_1_209' title='bbox 85 3429 173 3493; x_wconf 84' lang='lat' dir='ltr'>latos</span> <span class='ocrx_word' id='word_1_210' title='bbox 196 3450 268 3494; x_wconf 86' lang='lat' dir='ltr'>sese</span> <span class='ocrx_word' id='word_1_211' title='bbox 292 3430 363 3493; x_wconf 88' lang='lat' dir='ltr'>fore</span> <span class='ocrx_word' id='word_1_212' title='bbox 381 3429 562 3495; x_wconf 86' lang='lat' dir='ltr'>Adherbali</span> <span class='ocrx_word' id='word_1_213' title='bbox 587 3429 734 3507; x_wconf 91' lang='lat' dir='ltr'>suadent,</span> <span class='ocrx_word' id='word_1_214' title='bbox 759 3432 806 3492; x_wconf 92' lang='lat' dir='ltr'>uti</span> <span class='ocrx_word' id='word_1_215' title='bbox 830 3452 929 3514; x_wconf 84' lang='lat' dir='ltr'>seque</span> <span class='ocrx_word' id='word_1_216' title='bbox 955 3441 986 3495; x_wconf 93' lang='lat' dir='ltr'>et</span> <span class='ocrx_word' id='word_1_217' title='bbox 1010 3455 1079 3516; x_wconf 37' lang='lat' dir='ltr'>opt</span> 
     </span>
     <span class='ocr_line' id='line_1_32' title="bbox 85 3531 1066 3619; baseline 0 -22"><span class='ocrx_word' id='word_1_218' title='bbox 85 3531 204 3619; x_wconf 86' lang='lat' dir='ltr'>pidum</span> <span class='ocrx_word' id='word_1_219' title='bbox 218 3532 396 3619; x_wconf 76' lang='lat' dir='ltr'>Iugurthae</span> <span class='ocrx_word' id='word_1_220' title='bbox 419 3533 541 3612; x_wconf 85' lang='lat' dir='ltr'>tradat,</span> <span class='ocrx_word' id='word_1_221' title='bbox 566 3544 690 3598; x_wconf 84' lang='lat' dir='ltr'>tantum</span> <span class='ocrx_word' id='word_1_222' title='bbox 719 3534 759 3597; x_wconf 86' lang='lat' dir='ltr'>ab</span> <span class='ocrx_word' id='word_1_223' title='bbox 785 3556 823 3598; x_wconf 90' lang='lat' dir='ltr'>eo</span> <span class='ocrx_word' id='word_1_224' title='bbox 847 3536 948 3598; x_wconf 81' lang='lat' dir='ltr'>vitam</span> <span class='ocrx_word' id='word_1_225' title='bbox 976 3537 1066 3619; x_wconf 88' lang='lat' dir='ltr'>paci·</span> 
     </span>
    </p>
   </div>
   <div class='ocr_carea' id='block_1_3' title="bbox 0 0 1206 3952">
    <p class='ocr_par' dir='ltr' id='par_1_4' title="bbox 0 0 1206 3952">
     <span class='ocr_line' id='line_1_33' title="bbox 0 0 1206 3952; baseline 0 0"><span class='ocrx_word' id='word_1_226' title='bbox 0 0 1206 3952; x_wconf 95' lang='lat' dir='ltr'> </span> 
     </span>
    </p>
   </div>
  </div>
 </body>
</html>
