2392 3952
333 239 484 289 BELLUM
504 238 700 288 CATILINAE
720 239 829 287 42-44.
1026 235 1067 298 29

90 453 189 517 quam
218 427 354 515 periculi
380 428 568 490 effecerant.
605 449 646 489 ex
670 448 707 489 eo
732 447 867 488 numero
893 425 1088 510 compluris³

91 536 132 615 Q.
150 533 300 597 Metellus
318 531 416 596 Celer
437 541 571 616 praetor
589 552 630 593 ex
647 539 778 593 senatus
803 528 951 592 consulto
969 551 1067 593 causa

90 639 223 721 cognita
238 638 271 699 in
287 635 420 698 vincula
437 636 632 713 coniecerat,
652 636 728 698 item
745 636 780 697 in
796 634 946 697 'citeriore
960 631 1069 696 Gallia

90 742 127 806 C.
152 740 299 816 Murena,
326 740 380 822 qui
404 740 432 801 ei
455 739 647 822 provinciae
674 737 801 823 legatus
824 746 984 822 praeerat.

191 842 237 906 At
252 842 377 905 Romae
393 841 553 905 Lentulus
575 864 648 904 oum
672 842 797 917 ceteris,
823 842 878 924 qui
902 841 1066 924 principes
1084 849 1119 904 48

90 948 324 1011 coniurationis
362 955 467 1022 erant,
507 947 628 1029 paratis
663 954 698 1007 ut
731 943 906 1008 videbatur
939 945 1066 1027 magnis

89 1052 192 1134 copiis
228 1052 478 1126 constituerant,
513 1051 573 1125 uti,
610 1070 684 1111 cum
712 1047 854 1111 Catilina
887 1049 920 1111 in
951 1069 1065 1130 agrurn

87 1153 309 1217 Faesulanum
341 1174 415 1215 cunr
446 1153 593 1214 exercitu
622 1152 779 1228 venisset,
813 1151 852 1214 L.
876 1151 988 1214 Bestia
1010 1152 1065 1213 tri-

88 1255 200 1320 bunus
212 1255 319 1340 plebis
333 1256 485 1317 contione
500 1253 612 1316 habita
625 1262 815 1337 quereretur
827 1252 868 1317 cle
881 1252 1064 1317 actionibus

90 1359 260 1421 Ciceronis
283 1356 426 1441 bellique
450 1357 643 1440 gravissumi
662 1356 820 1420 invidiam
837 1367 968 1441 optumo
987 1379 1064 1420 con-

90 1461 151 1524 suli
186 1463 382 1545 imponeret3
422 1483 459 1524 eo
496 1462 589 1544 signo
623 1482 786 1546 proxuma
823 1470 920 1524 nocte
955 1472 1065 1526 cetera

87 1564 259 1628 multitudo
286 1566 519 1629 coniurationis
543 1587 636 1627 suum
661 1566 797 1649 quisque
821 1566 988 1649 negotium
1008 1588 1064 1629 ex-

89 1680 288 1753 sequeretur.
332 1667 390 1731 sed
421 1690 460 1732 ea
492 1667 597 1731 divisa
628 1666 691 1731 hoc
721 1667 819 1730 modo
856 1667 1085 1731 dicebantura

88 1770 233 1835 Statilius
264 1781 296 1834 et
320 1770 481 1835 Gabinius
511 1773 558 1833 uti
590 1793 662 1833 cum
697 1792 819 1853 magna
852 1793 951 1833 manu
983 1771 1063 1834 duo-

84 1873 193 1937 ‹lecim
211 1873 305 1936 simul
330 1884 515 1957 opportuna
537 1873 611 1936 loca
634 1871 724 1934 urbis
747 1870 973 1949 incenderent,
999 1895 1061 1956 quo

83 1977 222 2041 tumultu
261 1976 390 2040 facilior
427 1975 534 2039 aditus
573 1974 614 2037 ad
654 1973 821 2038 consulem
860 1985 1060 2059 ceterosque,

84 2081 202 2165 quibus
225 2079 364 2142 insidiae
387 2076 603 2163 parabantur,
634 2077 742 2157 fieret3
778 2076 943 2161 Cethegus
967 2079 1061 2144 Cice-

83 2186 173 2247 ronis
210 2185 341 2245 ianuam
377 2180 542 2245 obsideret
576 2203 715 2266 eumque
749 2182 781 2244 vi
816 2182 1060 2266 aggrederetur,

82 2287 165 2350 alius
189 2295 298 2350 autem
322 2285 429 2362 alium,
459 2283 517 2348 sed
540 2284 597 2347 filii
621 2285 828 2364 familiarum,
857 2308 995 2370 quorum
1018 2310 1060 2351 ex

82 2391 252 2455 nobilitate
275 2412 430 2453 maxuma
451 2398 623 2473 parserat,
646 2400 800 2474 parentes
823 2389 1059 2465 interficerent3

85 2494 179 2558 simul
204 2493 307 2558 caede
332 2503 364 2558 et
387 2492 540 2557 incendio
563 2493 722 2578 perculsis
747 2493 898 2557 omnibus
914 2495 956 2558 ad
973 2495 1061 2559 Cati-

81 2599 181 2661 linam
206 2607 422 2682 erumperent.
454 2598 539 2660 inter
561 2597 643 2661 haec
665 2607 781 2683 parata
803 2607 902 2682 atque
927 2598 1081 2662 decretas

82 2699 248 2784 Cethegus
280 2722 409 2784 semper
432 2699 629 2784 querebatur
652 2699 693 2764 de
717 2702 849 2784 ignavia
880 2704 1058 2765 sociorum:

81 2805 155 2869 illos
186 2804 366 2868 dubitando
391 2814 423 2869 et
447 2804 517 2868 dies
545 2804 740 2890 prolatando
771 2827 908 2889 magnas
940 2826 1057 2889 oppor-

80 2912 235 2973 tunitates
265 2930 490 2993 corrumpere3
526 2909 629 2987 facto,
665 2931 731 2972 non
763 2909 911 2971 consulto
942 2910 975 2971 in
1002 2908 1059 2970 tali

81 3012 227 3096 periculo
266 3034 348 3097 opus
387 3035 459 3077 esse
496 3035 609 3097 seque,
654 3015 679 3076 si
717 3014 814 3096 pauci
854 3011 1056 3087 adiuvarent,

80 3115 312 3199 languentibus
349 3116 421 3181 aliis
458 3119 615 3200 impetum
654 3119 687 3179 in
723 3117 846 3178 curiam
884 3115 1056 3177 facturum.

80 3230 197 3282 natura
226 3220 321 3284 ferox
348 3219 526 3283 vehemens
555 3240 654 3282 manu
680 3228 850 3302 promptus
875 3228 958 3293 erat,
990 3227 1080 3279 rna-4

80 3344 216 3385 xumum
238 3322 361 3387 bonum
385 3325 419 3386 in
445 3322 610 3385 celeritate
633 3321 779 3405 putabat.

184 3424 251 3489 Sed
278 3425 476 3509 Allobroges
511 3447 553 3488 ex
586 3435 764 3508 praecepto
796 3423 965 3485 Ciceronis
999 3432 1110 3507 por44

81 3525 260 3592 Gabinium
285 3538 412 3592 ceteros
437 3528 650 3607 conveniunt;
679 3525 719 3590 ab
743 3524 885 3589 Lentulo
911 3527 1056 3611 Cethego
