2392 3952
138 168 182 232 ῃ
380 164 878 216 emeruerrnmnar-ss.

140 372 239 441 atque
260 357 420 419 maiorum
442 353 594 439 pluruma
615 353 779 417 beneficia
799 357 833 417 in
849 355 991 439 plebem
1013 361 1103 426 Rom

140 481 217 522 narn
240 476 359 523 essent.
383 456 512 542 perdita
527 456 712 541 republica
734 479 820 541 opus
841 480 927 535 esse,
954 483 1042 528 cum
1067 489 1110 530 ea

142 578 288 626 servaret
311 561 356 624 ll.
379 560 521 623 Tullius.
552 559 731 644 inquilinus
758 563 841 623 civis
868 560 965 626 urbis
990 565 1118 632 Romal

120 666 185 728 aad
217 665 281 728 hec
318 663 495 727 maledicta
529 663 593 726 alia
628 685 702 726 cunr
737 662 890 740 adderet,
929 665 1124 756 obstreper

120 788 272 847 somnes,
305 767 433 832 hostem
459 780 558 853 atque
581 766 779 852 parricidam
803 790 936 831 vocare.
976 781 1057 836 turn
1082 775 1133 840 ill<

143 870 341 936 furibundus
373 872 539 955 ‘quoniam
569 869 701 955 quidem
732 873 991 934 circumventus’
1026 878 1140 962 inquil

137 974 195 1038 'ab
219 976 359 1038 inimicis
382 995 542 1058 praeceps
564 995 654 1056 agor.
683 972 871 1036 incendium
894 995 1010 1039 meum
1038 982 1140 1044 ruina

144 1080 365 1161 restinguam'.

93 1199 128 1252 32
249 1180 380 1243 Deinde
397 1203 432 1242 se
450 1203 493 1242 ex
510 1182 600 1242 curia
616 1179 750 1243 domum
766 1182 937 1264 proripuit.
960 1181 1008 1246 ibi
1028 1188 1139 1250 multa

145 1287 215 1369 ipse
245 1306 357 1347 secum
387 1283 539 1359 volvens,
569 1283 658 1367 quod
688 1306 796 1368 neque
826 1285 966 1348 insidiae
998 1292 1138 1355 consuli

147 1385 372 1472 procedebant
394 1400 427 1449 et
449 1385 491 1449 ab
519 1386 672 1449 incendio
701 1386 914 1470 intellegebat
937 1388 1061 1455 urbem
1087 1397 1138 1457 vi·

148 1489 232 1574 giliis
260 1493 434 1567 munitam,
471 1501 640 1574 optumum
663 1491 754 1553 factu
778 1490 918 1554 credens
942 1498 1137 1562 exereitum

148 1616 269 1677 augere
292 1616 346 1670 ac,
378 1595 567 1678 priusquam
589 1592 737 1676 legiones
761 1593 998 1672 scriberentur,
1022 1600 1137 1666 multa

149 1708 355 1782 antecapere,
377 1719 462 1780 quae
476 1695 564 1759 bello
581 1697 653 1759 usui
670 1697 788 1772 forent,
812 1707 910 1760 nocte
925 1698 1137 1784 intempesta

127 1820 223 1866 rcum
252 1803 366 1886 paucis
388 1802 423 1863 in
445 1799 612 1863 Manliana
641 1810 748 1862 castra
777 1800 945 1884 profectus
972 1814 1033 1866 est.
1074 1807 1138 1871 sed

150 1904 295 1987 Cethego
326 1915 424 1988 atque
446 1902 588 1967 Lentulo
612 1904 809 1987 ceterisque,
840 1925 977 1988 quorum
1004 1928 1136 1991 cogne-

150 2019 241 2071 verat
272 2017 457 2091 promptam
479 2006 669 2082 audaciam,
704 2007 854 2084 mandat,
884 2005 1004 2091 quibus
1027 2011 1136 2077 rebus

150 2121 286 2195 possent
314 2131 393 2193 opes
424 2109 577 2172 factionis
600 2109 808 2186 confirment,
839 2108 976 2173 insidias
1000 2115 1137 2180 consrdi

151 2221 329 2289 maturent,
365 2211 501 2275 eaedem
531 2211 684 2274 incendia
714 2211 843 2296 aliaque
870 2211 948 2276 belli
978 2212 1139 2284 facinora

152 2326 283 2400 parent:
320 2337 391 2378 sese
425 2314 617 2399 propediem
649 2337 722 2377 cum
753 2338 873 2399 magno
906 2317 1056 2379 exercitu
1089 2321 1137 2385 ad

152 2418 266 2482 urbem
291 2440 511 2481 accessurum.

131 2542 143 2580 e
256 2523 345 2585 Dum
378 2521 460 2586 haee
487 2522 611 2585 Romae
645 2533 815 2606 geruntur,
852 2523 888 2587 Ο.
913 2522 1056 2587 Manlius
1090 2549 1138 2593 ex

154 2649 211 2690 suo
234 2649 369 2691 numero
393 2627 520 2713 legatos
543 2627 585 2690 ad
607 2627 767 2692 Marcium
783 2628 908 2713 Regem
932 2630 1029 2691 mittit
1054 2653 1136 2699 eum

153 2730 316 2795 mandatis
339 2730 473 2794 huiusce
497 2729 601 2794 modi:

102 2852 136 2907 33
255 2835 357 2898 ‘Deos
390 2834 604 2919 hominesque
628 2845 800 2916 testamur,
839 2839 1030 2922 imperator,
1070 2861 1138 2904 nos

155 2963 246 3005 arma
279 2961 386 3023 neque
421 2948 535 3002 eontra
568 2941 707 3023 patriam
743 2944 868 3027 cepisse
903 2962 1025 3026 neque,
1066 2962 1136 3026 quo

154 3044 334 3131 perieulum
364 3043 434 3106 aliis
464 3043 662 3123 faceremus,
699 3045 828 3110 seduli
852 3067 991 3132 corpore
1020 3055 1137 3112 nostra

155 3151 195 3215 ab
220 3151 337 3215 iniuria
360 3158 429 3211 tuta
452 3146 574 3225 forent,
607 3151 661 3232 qui
684 3152 793 3215 miseri
818 3161 952 3234 egentes
976 3147 1137 3215 violentia

156 3266 253 3340 atque
275 3251 467 3317 crudelitate
489 3251 732 3318 faeneratorum
754 3255 901 3340 plerique
920 3253 1026 3340 patria
1042 3251 1134 3333 sede,

157 3380 269 3422 omnes
293 3358 381 3421 fama
405 3365 502 3440 atque
526 3355 665 3419 fortunis
689 3369 842 3444 expertes
867 3377 991 3434 sumum
1024 3375 1134 3437 neque

156 3464 308 3547 cuiquam
346 3471 491 3525 nostrum
528 3459 620 3523 licuit
657 3483 748 3527 more
786 3465 944 3528 urniorum
980 3458 1052 3544 lege
1087 3462 1135 3523 uti

842 3738 936 3777 V
