2392 3952
132 211 152 276 8
376 206 528 258 BELLUM
546 206 743 258 CATILINAE
764 209 871 257 10-11.

133 396 223 462 aliud
247 397 394 460 clausum
417 398 451 459 in
468 404 612 480 pectore,
637 396 726 460 aliud
741 399 774 460 in
790 397 902 480 lingua
925 407 1128 482 promptum

133 499 265 578 habere,
296 501 458 563 amicitias
482 501 741 584 inimicitiasque·
757 522 824 564 non
848 522 958 576 exre,
991 500 1056 563 sed
1083 524 1127 565 ex

135 603 307 668 commodo
339 612 525 666 aestumare
553 606 723 687 magisque
746 604 871 667 voltum
902 625 1002 688 quam
1025 607 1125 690 inge-

111 710 223 772 onium
246 707 369 770 bonum
392 706 524 770 habere.
554 705 636 769 haec
652 708 756 790 primo
773 706 929 791 paulatim
954 729 1124 789 crescere,

133 810 297 875 interdum
320 809 497 889 vindicari,
522 819 606 894 post,
642 809 696 873 ubi
722 811 1124 896 contagioquasi'pesti-

134 916 235 980 lentia
257 916 385 991 invasit,
412 915 526 977 civitas
543 915 722 991 immutata,
746 915 918 997 imperium
942 935 985 977 ex
1008 916 1123 979 iustis-

135 1040 225 1083 sumo
244 1028 341 1102 atque
358 1028 491 1101 optumo
510 1015 642 1079 crudele
659 1015 966 1101 intolerandumque
979 1018 1122 1083 factum.

81 1128 115 1182 11
135 1123 193 1185 sod
228 1124 332 1205 primo
367 1122 472 1206 magis
511 1120 645 1183 ambitio
682 1142 779 1204 quam
814 1121 950 1184 avaritia
989 1123 1122 1186 animos

135 1224 302 1286 hominum
337 1222 525 1300 exercebat,
562 1222 651 1306 quod
684 1231 794 1288 tamen
828 1225 942 1287 vitium
979 1228 1122 1309 propius

111 1329 285 1390 svirtutem
326 1335 404 1388 erat.
451 1347 528 1387 nam
566 1324 703 1407 gloriam
747 1325 905 1388 honorem
941 1327 1121 1409 imperium

133 1429 239 1493 bonus
264 1437 296 1491 et
319 1430 458 1511 ignavus
476 1449 580 1510 aeque
598 1426 658 1490 sibi
683 1436 857 1512 exoptant:
882 1427 941 1491 sed
964 1427 1020 1492 ille
1036 1452 1121 1495 vera

133 1536 187 1597 via
217 1535 337 1609 nititur,
376 1531 451 1595 huic
488 1533 563 1615 quia
597 1530 705 1596 bonae
740 1541 826 1595 artes
864 1531 990 1611 desunt,
1032 1533 1121 1598 dolis

111 1647 232 1719 satque
256 1635 395 1698 fallaciis
420 1634 603 1714 contendit,
628 1637 765 1700 avaritia
788 1639 948 1720 pecuniae
972 1637 1120 1704 studium

132 1739 240 1818 habet,
277 1762 374 1824 quam
409 1761 505 1802 nemo
542 1742 671 1823 sapiens
707 1742 910 1824 concupivit;
947 1762 986 1803 ea
1021 1746 1120 1824 quasi

133 1846 269 1908 venenis
304 1844 397 1909 malis
432 1842 558 1907 imbuta
594 1865 712 1928 corpus
747 1846 956 1928 animumque
985 1845 1120 1910 virilem

137 1950 313 2018 effeminat,
329 1971 458 2031 semper
470 1948 597 2011 infinita
609 1947 801 2011 insatiabilis
826 1959 874 2011 est
898 1970 1004 2032 neque
1019 1953 1121 2032 copia

111 2072 242 2134 lneque
258 2052 369 2133 iuopia
384 2052 548 2112 minuitur.
574 2049 633 2112 sed
655 2061 828 2134 postquam
852 2052 890 2114 L.
908 2049 999 2113 Sulla
1015 2054 1120 2116 armis

134 2162 268 2236 recepta
284 2175 318 2215 re
335 2151 469 2236 publica
483 2150 578 2214 bonis
595 2153 693 2215 initiis
709 2155 813 2217 malos
838 2163 973 2216 eventus
989 2151 1118 2234 habuit,

133 2277 249 2338 rapere
284 2277 406 2330 omnes,
442 2253 580 2331 trahere,
617 2253 749 2317 domum
778 2253 869 2330 alius,
905 2254 986 2316 alius
1017 2277 1119 2338 agros

135 2380 264 2441 cupere,
300 2380 407 2440 neque
442 2357 577 2420 modum
607 2379 714 2440 nequo
748 2356 942 2419 modestiam
971 2356 1118 2424 victores

133 2460 264 2539 habere,
296 2461 395 2525 foeda
420 2460 632 2545 crudeliaque
655 2463 689 2523 in
714 2462 793 2522 civis
817 2459 966 2522 facinora
990 2459 1116 2528 facere.

111 2563 197 2626 shuc
222 2563 412 2640 accedebat,
450 2563 538 2647 quod
561 2565 599 2627 L.
625 2563 716 2627 Sulla
739 2564 928 2641 exereitum,
959 2585 1056 2647 quem
1081 2569 1116 2632 in

133 2666 219 2746 Asia,
248 2666 450 2745 ductaverat,
491 2690 553 2751 quo
592 2666 653 2730 sibi
688 2665 789 2729 fidum
824 2668 957 2744 faceret,
998 2678 1115 2734 contra

133 2794 257 2836 morem
272 2773 432 2835 maiorum
447 2773 614 2835 luxuriose
631 2772 792 2855 nimisque
809 2770 987 2835 liberaliter
1008 2769 1113 2835 habu·

133 2884 211 2938 erat.
257 2875 331 2939 loca
354 2897 492 2939 amoena
516 2874 699 2958 voluptaria
723 2874 821 2938 facile
845 2877 878 2937 iu
902 2878 966 2939 otio
992 2876 1113 2938 ferocis

110 2978 270 3040 omilitum
304 2978 429 3041 animos
465 2977 681 3042 molliverant.
727 2978 772 3042 ibi
796 2980 936 3061 primum
971 2981 1114 3044 insuevit

133 3083 297 3144 exercitus
312 3081 425 3170 populi
441 3082 580 3144 Romani
600 3103 709 3145 amare
725 3092 849 3166 potare,
875 3084 967 3165 sigua
983 3080 1112 3145 tabulas

132 3187 238 3270 pictas
261 3207 341 3249 vasa
364 3183 490 3248 caelata
518 3185 637 3261 mirari,
675 3207 714 3248 ca
736 3186 888 3267 privatim
921 3196 952 3248 ot
979 3182 1111 3269 publico

134 3312 260 3372 rapere,
298 3287 434 3353 delubra
458 3287 608 3372 spoliare,
645 3309 739 3350 sacra
772 3288 978 3371 profanaque
1004 3288 1113 3350 onmia

111 3391 289 3476 rpolluere.
317 3394 416 3477 igitur
431 3394 461 3456 ei
477 3393 604 3471 milites,
621 3403 795 3477 postquam
812 3393 984 3455 victoriam
1000 3386 1111 3472 adepti

110 3504 217 3574 esunt,
241 3495 321 3559 nihil
337 3498 453 3582 reliqui
471 3498 564 3561 victis
581 3496 706 3575 fecere,
733 3495 853 3580 quippe
877 3490 1042 3556 secundae
1060 3517 1111 3557 res

816 3640 921 3672 A
