2392 3952
132 192 173 257 72
340 193 492 244 BELLUM
511 193 775 246 IUGURTHINUM
793 197 904 245 21-22.

128 384 305 465 inceptum.
345 381 403 445 sed
426 380 481 444 ubi
504 381 698 466 plerumque
721 383 827 445 noctis
849 385 1026 467 processit,
1052 383 1110 447 ob·

129 507 224 548 scuro
259 486 357 547 etiarn
390 495 460 548 tum
493 484 616 548 lumine
649 484 769 548 milites
796 486 980 570 Iugurthini
1016 489 1110 571 signo

129 587 205 652 dato
236 596 344 651 castra
366 586 506 650 hostium
529 586 705 665 invadunt,
742 590 956 652 semisomnos
978 592 1109 673 partim,

127 691 208 754 alios
238 712 329 753 arma
358 691 515 752 sumentis
545 689 662 773 fugant
685 689 902 774 funduntque.
937 690 1109 756 Adherbal

128 816 202 856 cum
224 795 340 877 paucis
363 792 526 878 equitibus
551 792 675 857 Cirtam
698 794 858 879 profugit,
888 804 920 857 et
942 797 976 857 ni
999 796 1109 859 multi-

126 897 205 960 tudo
234 907 420 981 togatorum
449 897 578 974 fuisset,
615 918 699 980 quae
721 897 882 960 Numidas
904 900 1108 982 insequentis

127 999 299 1065 moenibus
321 998 497 1083 prohibuit,
522 1021 587 1061 uno
605 997 657 1061 die
675 1000 760 1062 inter
784 998 867 1062 duos
889 1021 986 1082 reges
1011 1023 1109 1085 coep-

105 1114 195 1168 stum
224 1113 322 1187 atque
351 1111 516 1186 patratum
543 1100 666 1165 bellurn
697 1102 792 1165 foret.
830 1103 929 1186 igitur
951 1103 1111 1187 Iugurtha

127 1205 286 1291 oppidum
311 1204 530 1282 circumsedit,
554 1205 659 1267 vineis
682 1204 890 1288 turribusque
904 1215 936 1268 et
949 1206 1109 1270 machinis

128 1311 272 1373 omniurn
311 1330 469 1392 generum
504 1330 696 1392 expugnare
730 1308 921 1392 aggreditur
955 1332 1109 1374 maxume

127 1415 286 1476 festinans
314 1421 443 1495 tempus
472 1411 654 1494 legatorum
678 1421 892 1495 antecapere,
927 1434 1009 1496 quos
1033 1424 1109 1478 ante

126 1516 286 1600 proelium
315 1514 440 1578 facturn
467 1513 508 1577 ab
532 1513 722 1578 Adherbale
746 1514 884 1578 Romam
912 1517 1029 1579 missos
1053 1540 1107 1580 au·

128 1617 265 1682 diverat.

104 1748 118 1785 4
231 1721 298 1787 Sed
330 1732 507 1807 postquam
542 1732 674 1785 senatus
709 1721 750 1786 de
780 1722 867 1786 bello
904 1745 1018 1787 eorum
1052 1747 1106 1788 ac-

127 1828 227 1911 cepit,
262 1836 329 1890 tres
358 1824 587 1889 adulescentes
613 1827 647 1889 in
670 1824 820 1888 Africam
849 1825 1016 1909 legantur,
1054 1829 1107 1911 qui

125 1929 240 1993 ambos
277 1951 373 2013 reges
410 1927 545 2006 adeant,
585 1937 717 1993 senatus
753 1928 934 2012 populique
964 1929 1104 1993 Romani

126 2032 235 2096 verbis
257 2034 422 2096 nuntient:
446 2032 532 2096 velle
556 2042 588 2096 et
612 2054 747 2096 censere
775 2054 831 2095 eos
854 2031 895 2095 ab
920 2034 1018 2095 annis
1043 2032 1107 2097 dis·

128 2135 255 2213 cedere,
281 2135 322 2199 de
339 2137 571 2199 controversiis
599 2137 664 2199 suis
687 2137 757 2199 iure
779 2137 889 2220 potius
905 2157 1003 2219 quam
1018 2136 1105 2201 bello

74 2250 109 2304 22
129 2239 328 2323 disceptare:
363 2240 408 2302 ita
437 2260 536 2322 seque
563 2238 692 2322 illisque
723 2237 858 2321 dignum
887 2260 968 2302 esse.
1007 2239 1107 2324 legati

126 2344 160 2405 in
183 2340 333 2405 Africam
366 2350 568 2405 maturantes
601 2342 752 2419 veniunt,
789 2364 827 2404 eo
862 2342 982 2426 magis,
1019 2342 1107 2427 quod

126 2446 265 2524 Romae,
299 2444 376 2508 dum
398 2445 563 2529 proficisci
587 2454 718 2529 parant,
749 2444 790 2508 de
813 2445 937 2529 proelio
962 2445 1053 2511 facto
1076 2457 1108 2511 et

128 2550 373 2633 oppugnatione
398 2548 508 2613 Cirtae
531 2547 742 2628 audiebatur3
775 2548 834 2611 sed
856 2550 883 2611 is
906 2571 1018 2612 rumor
1042 2550 1107 2614 cle-

104 2674 218 2716 amens
250 2662 328 2715 erat.
368 2674 506 2736 quorum
534 2649 694 2735 Iugurtha
722 2661 861 2735 accepta
885 2653 1032 2716 oratione
1055 2675 1106 2718 re-

125 2755 272 2840 spondit:
308 2755 369 2819 sibi
397 2777 505 2840 neque
533 2757 638 2818 maius
667 2756 843 2839 quicquam
866 2777 974 2851 neque
999 2758 1106 2820 carius

122 2860 319 2923 auctoritate
357 2868 489 2922 senatus
527 2879 613 2938 esse;
652 2857 694 2921 ab
728 2857 954 2923 adulescentia
991 2861 1037 2923 ita
1071 2881 1106 2924 se

126 2965 266 3040 enisum,
296 2971 332 3025 ut
355 2961 396 3026 ab
421 2972 554 3046 optumo
579 2984 709 3047 quoque
732 2961 943 3046 probaretur,
974 2964 1105 3042 virtute,

125 3089 192 3130 non
228 3065 354 3130 malitia
391 3065 428 3128 P.
461 3064 608 3149 Scipioni
654 3088 778 3129 summo
818 3067 888 3129 viro
925 3066 1106 3150 placuisse;

126 3169 167 3232 ob
192 3168 325 3233 easdem
349 3171 426 3232 artis
450 3192 470 3232 a
491 3169 647 3254 Micipsa,
677 3193 745 3233 non
767 3172 905 3254 penuria
927 3169 1106 3271 liberorum

103 3274 159 3334 sin
174 3295 312 3356 regnum
328 3271 520 3357 adoptatum
537 3294 624 3352 esse;
648 3283 803 3350 ceterum,
828 3295 891 3357 quo
908 3272 1004 3356 plura
1018 3272 1106 3338 bene

125 3385 223 3458 atque
253 3386 383 3439 strenue
414 3375 562 3453 fecisset,
599 3397 637 3438 eo
661 3377 805 3438 animum
837 3398 930 3439 suum
953 3378 1106 3440 iniuriam

103 3479 232 3541 eminus
263 3477 414 3542 tolerare.
448 3476 672 3541 Adherbalem
697 3477 780 3541 dolis
809 3480 896 3542 vitae
926 3501 1004 3543 suae
1027 3481 1105 3544 insi-
