2392 3952
324 243 476 294 Barnun
494 230 691 293 carmiuare
712 245 820 294 ra-ro.
1020 245 1059 309 13

81 455 116 495 re
141 432 274 514 cognita
307 453 418 494 rursus
451 432 485 494 in
519 431 632 494 Nonas
655 430 853 495 Februarias
888 408 1059 497 consiliurir

83 534 194 598 caedis
215 534 458 598 transtulerant.
483 535 548 597 iam
571 543 639 597 tum
655 555 731 597 non·
745 533 933 598 consulibus
948 535 1080 613 modost

82 638 140 701 sed
163 638 328 722 plerisque
352 635 556 702 senatoribus
572 639 752 722 perniciem
775 637 1056 703 machinabantur.

83 741 172 826 quod
185 744 219 804 ni
237 741 379 805 Catilina
401 751 596 805 maturasset
611 763 670 825 pro
695 742 786 804 curia
809 743 938 825 signum
962 744 1077 806 sociisa

81 846 168 924 dare,
187 867 225 909 eo
244 845 296 909 die
312 855 387 929 post
403 844 570 909 conditam
585 844 700 909 urbem
715 846 855 910 Romam
868 867 1058 930 pessumum

79 950 208 1013 facinus
241 958 406 1033 patratum
436 949 538 1013 foret:
575 950 651 1033 quia
686 948 833 1012 nondum
868 948 1057 1033 frequentes

79 1054 195 1118 armati
212 1063 444 1130 convenerant,
463 1074 502 1116 ea
516 1075 569 1116 res
587 1052 758 1116 consilium
775 1051 912 1116 diremit.
936 1053 1058 1116 Postea
1076 1063 1110 1118 19

78 1157 154 1220 Piso
178 1158 212 1219 in
237 1157 420 1220 citeriorem
436 1157 631 1240 Hispaniam
648 1165 801 1239 quaestor
823 1177 882 1239 pro
905 1164 1056 1239 praetore

77 1262 195 1322 missus
231 1270 279 1323 est
314 1258 481 1322 adnitente
507 1258 636 1337 Crasse,
672 1258 761 1343 quod
796 1282 870 1322 eum
897 1258 1056 1322 infestum

78 1364 246 1426 inimicum
281 1361 341 1427 Cn.
365 1362 524 1445 Pompeio
559 1371 769 1447 cognoverat.
815 1383 922 1445 neque
946 1372 1077 1426 tamena

78 1475 210 1528 senatus
233 1466 437 1549 provinciam
453 1466 573 1528 invitus
598 1464 749 1545 dederat;
774 1467 896 1550 quippe
919 1464 1055 1529 foedum

75 1568 242 1632 hominem
277 1589 353 1632 are
376 1566 510 1652 publica
542 1568 658 1652 procul
688 1590 759 1632 esse
781 1567 924 1647 volebat,
960 1570 1054 1634 simul

77 1673 154 1755 quia
181 1670 260 1735 boni
284 1670 469 1755 complures
497 1670 697 1755 praesidium
718 1672 753 1734 in
777 1694 815 1735 eo
839 1671 1000 1756 putabant
1023 1683 1055 1737 ot

76 1778 142 1839 iam
165 1783 234 1838 tum
256 1776 403 1858 potentia
426 1775 564 1858 Pompei
587 1773 804 1838 formidulosa
828 1785 905 1839 erat.
946 1774 1004 1839 sed
1027 1777 1077 1838 isa

76 1879 153 1941 Piso
176 1879 211 1941 in
233 1878 404 1962 provincia
438 1876 480 1941 ab
515 1877 677 1961 equitibus
700 1879 868 1960 Hispanis,
905 1900 985 1962 quos
1021 1880 1053 1940 in

77 1982 225 2046 exercitu
259 1978 425 2057 ductabat,
460 1981 522 2042 iter
555 1980 681 2042 faciens
716 1981 844 2043 occisus
879 1990 935 2044 est.
982 1991 1078 2044 suntr

77 2087 133 2169 qui
155 2086 200 2148 ita
225 2083 337 2148 dicant
351 2085 488 2168 imperia
512 2085 580 2147 eius
601 2085 720 2148 iniusta
744 2083 885 2168 superba
909 2082 1055 2151 crudelia

77 2186 237 2250 barbaros
270 2187 457 2269 nequivisse
479 2188 561 2270 pati;
600 2186 654 2251 alii
677 2198 786 2251 autem
811 2189 937 2272 equites
970 2187 1078 2266 illos,s

78 2289 139 2354 Cn.
157 2290 296 2374 Pompei
312 2300 441 2353 veteres
463 2289 613 2375 fidosque
638 2292 775 2368 clientis,
798 2291 967 2356 voluntate
984 2295 1053 2357 eius

77 2395 232 2457 Pisonem
256 2414 444 2477 aggress0s3
483 2416 661 2479 numquam
683 2395 850 2479 Hispanos
884 2404 1055 2480 praeterea

76 2496 142 2560 tale
165 2496 294 2560 facinus
318 2497 446 2574 fecisse,
483 2496 542 2561 sed
564 2499 701 2582 imperia
725 2520 824 2562 saeva
851 2499 954 2563 multa
976 2509 1052 2564 ante

77 2620 259 2683 perpessos.
295 2621 356 2663 nos
379 2622 452 2664 eam
474 2622 544 2664 rem
566 2602 600 2664 in
623 2600 731 2665 medio
755 2601 986 2686 relinquemus.
1012 2603 1076 2666 dee

77 2703 245 2786 superiore
270 2703 494 2767 coniuratione
518 2705 596 2767 satis
620 2703 753 2768 dictum.

181 2806 331 2884 Catilina,
355 2805 413 2870 ubi
436 2828 502 2884 eos,
538 2829 619 2891 quos
642 2808 740 2891 paulo
764 2817 840 2872 ante
863 2812 1052 2886 memoravi,
1071 2816 1107 2870 20

77 2911 271 2973 convenisse
294 2908 394 2987 videt,
418 2912 547 2975 tametsi
572 2932 646 2973 cum
670 2911 804 2995 singulis
828 2913 931 2976 multa
954 2933 1052 2995 saepe

77 3022 197 3096 egerat,
221 3022 332 3075 tamen
351 3014 385 3075 in
407 3034 477 3075 rem
493 3013 565 3076 fore
583 3013 721 3076 credens
743 3016 916 3078 univorsos
940 3014 1051 3098 appel·

75 3115 143 3179 lare
167 3124 199 3178 et
223 3112 395 3193 cohortari,
419 3117 453 3179 in
469 3115 614 3180 abditam
630 3127 757 3200 partem
774 3116 905 3181 aedium
928 3116 1054 3181 secedit

76 3228 174 3302 atque
196 3216 243 3280 ibi
266 3217 416 3281 omnibus
441 3217 570 3282 arbitris
592 3220 709 3303 procul
732 3222 848 3284 amotis
872 3221 1053 3283 orationem

74 3321 210 3385 huiusce
233 3320 322 3385 modi
344 3320 475 3385 habuit:

123 3480 125 3483 .
176 3417 230 3488 ‘Ni
252 3425 355 3488 virtus
378 3423 526 3508 fidesque
549 3435 660 3488 vostra
683 3435 830 3509 spectata
854 3425 932 3490 mihi
955 3426 1075 3503 forata

74 3529 274 3612 nequiquam
299 3537 482 3612 opportuna
511 3551 563 3592 res
587 3528 774 3592 cecidisset:
814 3551 889 3615 spes
922 3551 1052 3614 magna,
