2392 3952
312 251 462 302 BELLUM
481 251 680 302 CATILINAE
700 254 810 304 30-31.
1009 253 1049 319 21

72 442 257 504 libertatem
281 448 312 502 et
336 442 484 503 sestertia
512 449 658 517 centum,
690 438 794 503 libero
824 441 1050 524 impunitatem

75 548 145 607 eius
178 546 225 607 rei
260 551 292 606 et
326 545 475 607 sestertia
509 543 653 607 ducenta
688 546 831 628 itemque
862 544 1072 623 decreverat

75 649 120 709 uti
144 645 358 730 gladiatoriae
382 646 525 710 familiae
543 645 691 731 Capuam
716 656 748 710 et
762 648 797 710 in
814 655 923 710 cetera
946 650 1050 711 muni-

74 752 160 834 cipia
189 749 461 813 distribuerentur
488 771 547 833 pro
578 750 735 833 cuiusque
760 749 890 834 opibus,
926 751 1050 814 Romae

74 876 134 937 per
148 852 381 917 tctamurbem
397 852 528 936 vigiliae
550 851 750 916 haberentur
774 854 885 936 eisque
908 855 1050 917 minores

73 959 282 1040 magistratus
306 965 506 1040 praeessent.
568 967 569 970 ’

177 1059 303 1138 Quibus
327 1058 425 1122 rebus
448 1068 596 1142 permota
620 1060 736 1120 civitas
760 1067 858 1142 atque
881 1060 1050 1121 immutata
1067 1060 1102 1115 31

72 1161 162 1225 urbis
186 1163 288 1224 facies
314 1170 392 1224 erat.
422 1183 464 1223 ex
488 1183 613 1223 summa
636 1159 759 1224 laetitia
782 1171 881 1244 atque
903 1160 1048 1238 lascivia,

71 1288 157 1348 quae
187 1265 341 1327 diuturna
368 1265 460 1347 quies
483 1273 672 1348 pepererat,
707 1273 842 1349 repente
867 1265 971 1328 111111
995 1266 1050 1326 tri-

72 1370 160 1430 stitia
175 1369 310 1429 invasit:
336 1367 492 1430 festinare
515 1366 690 1450 trepidare,
715 1389 822 1451 neque
845 1365 918 1430 leco
942 1389 1071 1449 nequea

71 1470 195 1533 homini
213 1472 364 1554 cuiquam
386 1472 464 1533 satis
489 1469 633 1549 credere,
658 1493 766 1554 neque
788 1469 912 1533 bellum
935 1491 1050 1553 gerere

71 1595 179 1656 neque
211 1596 328 1658 pacem
358 1572 494 1652 habere,
531 1596 588 1638 suo
620 1577 760 1658 quisque.
786 1583 875 1637 metu
903 1573 1050 1658 pericula

72 1679 188 1740 metiri.
213 1676 342 1740 adhoc
365 1677 527 1755 mulieres,
553 1677 670 1762 quibus
686 1679 734 1742 rei
743 1677 901 1763 publicae
924 1679 1070 1760 magni-s

72 1779 186 1843 tudine
219 1779 297 1843 belli
331 1782 428 1844 timor
464 1780 613 1844 insolitus
647 1783 841 1857 incesserat,
881 1779 1049 1843 adflictare

70 1905 159 1960 sese,
183 1906 299 1946 manus
323 1883 489 1967 supplices
513 1882 555 1945 ad
580 1883 708 1946 caelum
730 1882 877 1959 tendere,
901 1885 1047 1945 miserari

69 2008 189 2069 parvos
213 1984 343 2062 liberos,
368 1987 511 2069 rogitare
536 1987 645 2048 omnia
667 2007 799 2068 pavere,
824 1984 977 2069 superbia
1001 1995 1048 2049 at-

70 2112 134 2172 que
160 2088 285 2151 deliciis
311 2089 438 2150 omissis
462 2086 524 2150 sibi
546 2089 738 2172 patriaeque
763 2088 923 2152 diffidere.

173 2190 219 2253 At
243 2190 404 2254 Catilinae
436 2189 577 2254 crudelis
607 2192 733 2255 animus
761 2191 877 2255 eadem
901 2191 956 2255 illa
978 2205 1069 2256 111-4

69 2296 182 2373 vebat,
218 2296 346 2358 tametsi
380 2294 546 2379 praesidia
578 2293 781 2379 parabantur
815 2297 940 2380 etipse
973 2296 1047 2379 lege

68 2400 198 2463 Plautia
231 2401 450 2484 interrogatus
485 2409 555 2462 erat
589 2397 630 2462 ab
660 2399 700 2462 L.
727 2397 842 2462 Paula
880 2408 1068 2482 pestren10⁵

34 2494 38 2500 ¹
69 2502 296 2567 dissimulandi
321 2525 420 2566 causa
443 2512 499 2566 aut
527 2504 576 2565 sui
600 2500 809 2586 expurgandi
832 2501 937 2579 simul,
963 2503 1046 2564 sicut

68 2608 173 2689 iurgio
190 2607 360 2672 lacessitus
377 2608 471 2684 foret,
488 2608 523 2669 in
539 2616 688 2670 senatum
702 2607 802 2669 venit.
827 2615 895 2668 tum
911 2606 954 2668 M.
968 2605 1068 2668 Tul-6
1090 2615 1158 2707 polvs.)

69 2710 131 2772 lius
162 2710 290 2787 consul,
324 2712 391 2773 sive
421 2711 640 2794 praesentiam
670 2712 738 2773 eius
765 2710 883 2772 timens
907 2711 975 2772 sive
998 2711 1047 2771 ira

70 2824 266 2890 commotus,
300 2815 481 2876 orationem
502 2811 617 2876 habuit
639 2812 840 2876 luculentam
863 2802 960 2895 atque
984 2813 1045 2873 uti-

69 2915 132 2979 lem
167 2918 214 2979 rei
248 2916 416 3000 publicae,
456 2938 553 2999 quam
590 2925 707 3000 postea
741 2917 894 2999 scriptam
932 2912 1050 2993 edidit,

68 3019 127 3082 sed
155 3018 211 3082 ubi
239 3020 294 3083 ille
324 3019 467 3097 adsedit,
504 3018 660 3097 Catilina,
695 3028 730 3082 ut
754 3028 823 3082 erat
845 3026 978 3102 paratus
1002 3017 1065 3079 adt

68 3121 305 3185 dissimulanda
340 3125 463 3200 omnia,
500 3122 640 3186 demisso
673 3122 764 3186 voltu
793 3144 875 3185 vcce
905 3119 1044 3204 supplici

67 3225 232 3308 postulare
257 3248 276 3289 a
298 3224 446 3310 patribus
476 3227 599 3309 coepit,
630 3248 672 3289 ne
697 3224 776 3310 quid
800 3225 841 3289 de
858 3247 892 3288 se
921 3233 1043 3289 temere

68 3326 253 3391 crederent:
279 3350 318 3391 ea
339 3329 463 3392 familia
487 3339 601 3408 ortum,
626 3331 672 3392 ita
695 3352 729 3392 se
753 3328 794 3392 ab
819 3312 1043 3392 adulescentia

67 3431 167 3493 vitam
200 3434 387 3510 instituisse,
419 3444 454 3495 ut
483 3435 592 3497 omnia
622 3433 711 3498 bona
740 3435 774 3497 in
804 3455 861 3517 spe
890 3432 1040 3514 haberet,

66 3554 108 3595 nc
133 3535 366 3599 existumarent
389 3536 464 3613 sibi,
499 3538 637 3620 patricio
660 3536 799 3614 homini,
825 3539 915 3602 cuius
938 3540 1040 3622 ipsius
