2392 3952
329 236 481 288 annuum
499 237 763 288 luanrrrflmuu
785 239 826 287 14.
902 222 904 226 ‘
1023 239 1065 304 63

81 427 240 512 quoniam
263 448 379 510 parum
402 435 472 488 tuta
488 447 546 510 per
562 449 597 488 se
620 427 692 510 ipsa
714 425 861 510 probitas
885 437 934 489 est
957 449 1064 510 neque

79 528 162 594 mihi
195 531 230 592 in
252 551 353 591 manu
382 528 452 605 fuit,
486 528 645 612 Iugurtha
667 528 772 613 qualis
796 529 889 606 foret,
928 528 972 592 ad
1005 551 1065 592 vos
1131 527 1132 530 ’

83 632 231 716 confugi,
255 639 365 715 patres
383 633 569 715 conscripti,
596 631 723 716 quibus,
747 630 836 716 quod
851 630 929 694 mihi
951 632 1064 694 miser-

81 757 214 798 rumum
231 743 289 811 est,
316 755 417 817 cogor
432 736 522 818 prius
540 736 632 798 oneri
647 757 745 818 quam
761 735 834 796 usui
858 755 938 797 esse.
964 735 1085 796 ceteris

80 860 180 922 reges
203 845 259 901 aut
292 836 379 900 bello
403 839 481 900 victi
515 840 549 901 in
573 840 750 901 amicitiam
780 860 800 899 a
823 836 917 900 vobis
939 838 1064 924 recepti

82 950 159 1005 sunt
188 951 244 1004 aut
272 943 307 1004 in
337 941 402 1002 suis
432 938 540 1003 dubiis
569 940 667 1004 rebus
696 943 885 1004 societatem
920 949 1064 1003 vostram

81 1045 331 1129 appetiverunt:
367 1043 493 1106 familia
526 1053 638 1107 nostra
667 1066 741 1108 cum
769 1043 891 1128 populo
916 1044 1063 1106 Romano

80 1147 171 1212 bello
189 1134 452 1231 Carthaginiensi
469 1148 644 1209 amicitiam
660 1149 806 1224 instituit,
831 1168 894 1230 quo
917 1156 1064 1229 tempore

80 1253 189 1336 magis
204 1250 288 1315 fides
305 1252 374 1314 eius
398 1272 497 1334 quam
514 1250 645 1313 fortuna
661 1249 808 1333 petunda
824 1260 902 1312 erat.
927 1270 1086 1333 quoruma

80 1356 278 1440 progeniem
300 1376 369 1430 vos,
404 1362 515 1437 patres
551 1355 737 1437 conscripti,
776 1353 877 1416 nolite
910 1353 979 1436 pati
1002 1374 1063 1429 me,

82 1467 240 1542 nepotem
255 1457 459 1532 Masinissae,
484 1457 605 1519 frustra
621 1478 640 1517 a
656 1455 749 1520 vobis
769 1455 926 1519 auxilium
942 1464 1064 1539 petere.

83 1562 111 1624 si
140 1559 185 1623 ad
212 1559 456 1644 impetrandum
487 1558 565 1622 nihil
594 1582 712 1623 causae
746 1559 902 1623 haberem
936 1568 1086 1643 praetera

81 1662 305 1727 miserandam
328 1664 504 1738 fortunam,
530 1662 618 1746 quod
640 1663 738 1747 paulo
763 1673 838 1725 ante
861 1685 922 1725 rex
944 1683 1065 1745 genere

86 1767 178 1830 fama
193 1775 291 1850 atque
308 1767 411 1850 copiis
426 1774 553 1849 potens,
578 1788 667 1828 nunc
684 1763 885 1828 deformatus
901 1765 1064 1826 aerumnis

84 1871 184 1952 inops
207 1868 330 1931 ahenas
355 1890 435 1952 opes
459 1877 626 1952 exspecto,
661 1878 771 1930 tamen
795 1877 865 1930 erat
887 1868 1064 1929 maiestatis

84 1970 201 2056 populi
215 1971 355 2034 Romani
370 1970 544 2055 prohibere
562 1972 713 2033 iniuriam
735 1992 843 2054 neque
866 1971 934 2054 pati
958 1970 1064 2032 cuius-

83 2096 184 2160 quam
206 2095 345 2158 regnum
367 2096 428 2158 per
459 2073 565 2136 scelus
590 2096 748 2137 erescere.
793 2095 908 2136 verum
932 2095 992 2156 ego
1019 2075 1086 2136 eise

83 2176 205 2241 finibus
234 2178 357 2240 eiectus
382 2199 462 2253 sum,
499 2199 580 2260 quos
608 2175 786 2241 maioribus
814 2178 895 2240 meis
923 2175 1065 2261 populus

84 2281 254 2344 Romanus
273 2279 373 2358 dedit,
390 2279 478 2343 unde
498 2290 593 2364 pater
616 2290 647 2343 et
671 2303 752 2343 avus
767 2303 859 2343 meus
876 2302 941 2342 una
956 2279 1065 2343 vobis-

86 2408 162 2450 cum
185 2385 341 2470 expulere
366 2384 552 2470 Syphacem
576 2394 608 2449 et
631 2383 920 2468 Carthaginiensis.
955 2370 1088 2446 vostra*

84 2488 248 2553 beneficia
262 2487 341 2552 mihi
365 2498 479 2573 erepta
496 2496 579 2565 sunt,
602 2497 713 2572 patres
738 2488 926 2571 conscripti,
950 2509 1009 2550 vos
1032 2488 1066 2548 in

84 2613 160 2654 mea
182 2592 300 2654 iniuria
324 2590 471 2675 despecti
496 2592 581 2654 estis.

188 2693 283 2758 Eheu
317 2716 370 2758 me
404 2691 574 2757 miserum!
619 2691 748 2770 hucine,
784 2692 925 2776 Micipsa
961 2703 1087 2776 patene

85 2797 249 2862 beneficia
277 2806 334 2860 tua
358 2819 502 2874 evasere,
537 2806 581 2873 ut,
617 2818 714 2880 quem
737 2805 772 2858 tu
794 2817 907 2880 parem
931 2818 1005 2859 curn
1028 2795 1065 2858 li-

84 2901 173 2965 beris
206 2903 269 2964 tuis
304 2902 465 2985 regnique
499 2902 693 2986 participem
723 2900 840 2977 fecisti,
876 2901 903 2962 is
926 2900 1065 2983 potissu-

84 3027 174 3068 mum
209 3006 317 3088 stirpis
351 3014 427 3067 tuae
462 3005 643 3067 exstinctor
676 3002 739 3066 sit?
785 3024 963 3087 numquam
987 3024 1064 3086 ergo

86 3109 211 3174 familia
237 3115 350 3172 nostra
378 3109 488 3192 quieta
518 3105 599 3170 erit?
645 3130 816 3192 semperne
844 3109 877 3169 in
907 3106 1065 3188 sanguine

86 3212 174 3275 ferro
209 3212 290 3295 fuga
323 3209 532 3275 versabitur?
579 3210 656 3274 dum
695 3209 982 3292 Carthaginienses
1016 3210 1101 3272 in-ro

88 3316 233 3381 columes
257 3317 359 3393 fuere,
383 3318 453 3379 iure
471 3317 580 3378 omnia
597 3337 696 3378 saeva
711 3313 931 3400 patiebamur:
954 3311 1064 3374 hostes

86 3419 128 3484 ab
152 3419 264 3498 latere,
301 3442 361 3482 vos
391 3420 488 3482 amici
511 3417 636 3502 procul,
673 3439 747 3501 spes
777 3415 881 3478 omnis
910 3416 943 3478 in
967 3416 1064 3477 armis

86 3534 166 3587 erat.
211 3531 385 3607 postquam
419 3522 476 3585 illa
509 3522 611 3605 pestis
646 3543 688 3583 ex
721 3519 838 3582 Africa
866 3519 971 3582 eiecta
1005 3526 1063 3594 est,
