2392 3952
340 251 489 303 snnnuu
509 249 708 302 cacumen
726 252 768 301 aa
998 250 1041 312 43

58 451 237 528 parantur:
272 440 439 526 vigilando
464 438 595 523 agundo
627 438 713 502 bene
737 436 941 502 consulundo
966 460 1041 522 pro·

58 567 158 630 spere
181 546 291 609 omnia
307 542 442 621 cedunt3
467 541 522 605 ubi
540 541 711 605 socordiae
728 552 759 604 te
776 551 873 626 atque
889 542 1042 625 ignaviae

57 648 246 727 tradideris,
270 649 468 732 nequiquam
486 645 565 709 deos
581 645 751 730 implores:
776 645 849 708 irati
864 643 1040 728 infestique

59 762 146 816 sunt.
183 750 272 836 apud
300 751 439 814 maiores
463 761 591 813 nostros
614 749 654 812 A.
679 748 821 812 Manlius
855 748 1040 832 Torquatus
1050 762 1075 802 ³0

57 855 148 920 bello
167 853 297 919 Gallico
314 854 415 917 filium
438 876 541 925 suum,
566 851 655 937 quod
678 854 706 915 is
730 862 845 916 contra
868 851 1040 935 imperium

57 961 93 1022 in
129 957 257 1022 hostem
294 965 509 1041 pugnaverat,
556 957 668 1019 necari
705 957 806 1032 iussit,
850 964 947 1039 atque
985 954 1040 1018 ille
1050 970 1074 1008 ³1

58 1063 213 1147 egregius
236 1060 431 1125 adulescens
454 1060 689 1123 immoderatae
714 1058 914 1123 fortitudinis
936 1070 1040 1123 morte

55 1187 186 1252 poenas
210 1163 314 1228 dedit:
350 1188 409 1226 vos
434 1163 475 1226 de
499 1162 743 1226 crudelissumis
766 1161 938 1247 parricidis
961 1163 1041 1248 quid

57 1270 208 1335 statuatis
244 1267 465 1332 cunctamini?
499 1266 655 1330 videlicet
689 1275 798 1330 cetera
826 1268 894 1330 vita
928 1289 1040 1330 eorum

56 1372 136 1437 huic
158 1372 274 1435 sceleri
298 1370 414 1435 obstat.
439 1393 552 1434 verum
573 1371 700 1454 parcite
724 1367 873 1453 dignitati
896 1370 1039 1447 Lentuli,
1050 1392 1075 1430 ta

57 1478 86 1541 si
108 1475 181 1560 ipse
202 1473 391 1559 pudicitiae,
416 1476 441 1538 si
466 1475 573 1538 famae
598 1497 686 1552 suae,
711 1476 737 1537 si
761 1473 811 1536 dis
827 1487 883 1538 aut
901 1473 1040 1537 homini-

55 1579 121 1643 bus
136 1600 291 1663 umquam
308 1578 381 1641 ullis
397 1580 563 1663 pepercit3
587 1580 748 1662 ignoscite
766 1577 903 1661 Cethegi
927 1577 1074 1641 adule-es

57 1683 215 1760 scantiae,
239 1683 301 1745 nisi
325 1683 441 1745 iterum
456 1683 583 1765 patriae
605 1679 729 1744 bellum
752 1681 841 1744 fecit.
865 1703 942 1743 nam
961 1679 1075 1765 quidsi

58 1807 122 1870 ego
147 1784 188 1849 de
213 1783 338 1848 Statilio
364 1784 506 1849 Gabinio
522 1784 684 1868 Caepario
708 1782 846 1868 loquar?
870 1783 989 1867 quibus
1013 1785 1039 1846 si

57 1890 236 1975 quicquam
259 1909 412 1972 umquam
436 1889 530 1972 pensi
554 1888 679 1964 fuisset,
704 1909 771 1950 non
790 1909 829 1949 ea
845 1886 982 1949 consilia
998 1886 1039 1950 dc

56 2014 94 2056 re
116 1990 252 2077 publica
272 1990 472 2055 habuissent.
505 2000 684 2075 postremo,
715 2000 826 2075 patres
849 1990 1036 2074 conscripti,
1048 2011 1073 2050 as

58 2097 87 2159 si
109 2094 297 2160 mehercule
320 2104 458 2179 peccato
481 2093 574 2158 locus
598 2105 692 2170 esset,
717 2093 815 2157 facile
832 2103 964 2179 paterer
979 2116 1038 2156 vos

57 2200 132 2283 ipsa
165 2221 201 2262 re
236 2201 364 2282 corrigi,
401 2200 554 2282 quoniam
588 2197 692 2261 verba
721 2198 944 2277 contemnitis3
982 2197 1039 2260 sed

57 2300 205 2387 undique
229 2303 443 2366 circumventi
468 2325 587 2365 sumus.
628 2301 769 2365 Catilina
794 2323 868 2364 cum
892 2303 1040 2364 exercitu

58 2403 211 2468 faucibus
249 2416 358 2488 urget;
397 2405 451 2467 alii
483 2407 567 2468 intra
603 2406 734 2468 moenia
766 2415 863 2488 atque
900 2405 932 2466 in
968 2406 1040 2466 sinu

57 2506 150 2571 urbis
187 2520 262 2571 sunt
305 2507 430 2587 hostes,
471 2529 577 2592 neque
615 2510 724 2592 parari
768 2529 874 2591 neque
913 2507 1039 2570 consuli

59 2613 235 2697 quicquam
272 2620 382 2695 potest
420 2612 564 2675 occulte:
610 2633 673 2695 quo
713 2613 817 2694 magis
858 2634 1039 2696 properan-

59 2714 139 2778 dum
162 2724 220 2779 est.

164 2818 275 2899 Quare
307 2841 367 2902 ego
391 2820 436 2881 ita
461 2840 595 2881 censeo:
632 2840 706 2880 cum
740 2818 866 2881 nefario
904 2817 1073 2881 consiliose

59 2921 293 2986 sceleratorum
322 2923 442 2985 civium
472 2921 681 3005 respublica
715 2924 748 2985 in
776 2945 931 2985 maxuma
953 2924 1039 3006 peri-

59 3025 135 3089 cula
157 3026 284 3090 venerit
307 3027 402 3110 eique
421 3025 542 3089 indicio
567 3026 605 3088 T.
629 3025 779 3089 Volturci
803 3037 834 3089 et
857 3025 1039 3109 legatorum

58 3128 277 3214 Allobrogum
313 3132 455 3192 convicti
490 3130 698 3213 confessique
734 3131 797 3191 sint
832 3128 967 3191 caedem
991 3130 1039 3191 in-

60 3231 179 3296 cendia
202 3232 331 3318 aliaque
355 3256 389 3296 sc
414 3233 513 3296 foeda
536 3245 634 3318 atque
659 3231 805 3296 crudelia
834 3232 983 3295 facinora
1005 3232 1039 3294 in

60 3336 142 3399 civis
164 3337 369 3421 patriamque
404 3339 581 3421 paravisse,
619 3336 659 3398 dc
684 3335 844 3399 confessis
879 3337 972 3398 sicuti
997 3335 1038 3399 de

59 3439 242 3502 manifestis
265 3462 368 3502 rerum
394 3440 582 3524 ciqiitalium
612 3461 703 3501 more
732 3440 892 3502 maiorum
915 3439 1038 3524 suppli·

60 3543 148 3607 cium
172 3542 390 3606 sumundum)

998 3700 1130 3729 ..fin-
