2392 3952
300 238 451 290 BELLUM
469 235 667 289 CATILINAE
686 241 797 290 48-49.
994 241 1036 306 33

59 429 199 507 edicere,
224 429 340 493 eadem
364 429 433 492 fere
457 451 541 514 quae
565 429 753 494 Volturcius
778 429 819 493 de
841 432 963 514 paratis
985 433 1035 495 in-

59 532 193 610 cendiis,
233 532 274 596 de
313 531 415 596 caede
453 532 626 610 bonorum,
666 533 707 596 de
742 534 857 597 itinere
894 533 1035 598 hostium

60 648 207 700 senatum
232 636 344 715 docet,
383 643 554 719 praeterea
578 658 612 698 se
636 637 769 699 missum
793 659 813 698 a
835 636 879 699 M.
905 636 1033 715 Crasse,

59 743 113 825 qui
131 739 292 804 Catilinae
308 740 482 811 nuntiaret,
500 761 542 802 ne
559 761 633 802 eum
648 739 808 802 Lentulus
826 748 858 802 et
871 738 1035 824 Cethegus

58 845 178 929 aliique
203 865 245 906 ex
269 843 493 905 coniuratione
517 841 712 926 deprehensi
736 851 905 919 terrerent,
931 864 1041 926 eoque,

58 948 162 1030 magis
185 954 378 1030 properaret
401 944 444 1008 ad
467 943 582 1013 urbem
609 943 780 1023 accedere,
805 966 869 1030 quo
894 955 926 1008 et
949 953 1035 1008 cete-

58 1072 168 1112 rorum
203 1051 328 1112 animos
362 1049 513 1113 reficeret
547 1058 579 1111 et
612 1047 659 1112 illi
693 1048 822 1112 facilius
846 1048 1034 1132 epericulo

59 1155 271 1236 eriperentur.
302 1152 360 1216 sed
383 1151 439 1216 ubi
455 1153 653 1236 Tarquinius
671 1151 827 1215 Crassum
845 1153 1058 1229 nominavit,⁵

58 1255 223 1319 hominem
246 1254 390 1318 nobilem
413 1256 575 1317 maxumis
599 1254 720 1318 divitiis
738 1277 864 1318 summa
878 1256 1034 1339 potentia,

60 1359 114 1421 alii
155 1380 224 1421 rem
261 1356 487 1422 incredibilem
525 1360 595 1436 rati,
633 1380 720 1443 pars,
758 1358 888 1422 tametsi
921 1381 1035 1422 verum

61 1461 310 1539 existumabant,
334 1471 453 1541 tamen,
478 1463 555 1547 quia
576 1463 610 1525 in
633 1462 691 1526 tali
713 1472 861 1547 tempore
880 1472 971 1526 tanta
986 1464 1036 1525 vis

58 1564 197 1628 hominis
213 1568 317 1650 magis
332 1566 490 1629 leniunda
513 1588 611 1652 quam
628 1567 828 1651 exagitanda
850 1564 1041 1643 videbatur,

58 1669 206 1753 plerique
236 1669 354 1734 Crasso
385 1693 427 1734 ex
455 1671 595 1754 negotiis
625 1672 761 1755 privatis
792 1670 926 1733 obnoxii
957 1691 1035 1732 oon-

59 1771 201 1835 clamant
222 1772 367 1836 indicem
391 1773 510 1837 falsum
526 1794 597 1837 esse
620 1773 727 1858 deque
751 1795 790 1836 ea
813 1795 848 1836 re
868 1772 1036 1856 postulant

58 1877 104 1939 uti
127 1877 296 1940 referatur.
342 1879 453 1962 itaque
477 1876 669 1940 consulente
694 1875 856 1939 Cicerone
880 1875 1057 1960 frequenss

58 1990 189 2043 senatus
213 1980 376 2044 decernit:
414 1981 573 2065 Tarquini
599 1978 757 2041 indicium
787 1977 906 2040 falsum
929 1978 1034 2042 videri

59 2105 197 2167 eumque
220 2084 254 2145 in
277 2083 418 2146 vinculis
433 2081 640 2145 retinendum
656 2103 763 2166 neque
780 2080 919 2163 amplius
942 2090 1035 2165 pote-

59 2196 175 2249 statem
199 2186 399 2264 faciundam,
430 2187 492 2248 nisi
516 2185 557 2248 de
582 2207 619 2249 eo
643 2184 814 2261 indicaret,
840 2186 931 2248 cuius
955 2207 1034 2249 con-

59 2289 128 2352 silio
153 2299 277 2352 tantam
300 2311 369 2352 rem
394 2300 479 2382 esset
506 2289 669 2352 mentitus.
709 2297 802 2351 crant
826 2309 863 2351 eo
887 2297 1057 2372 tempores

58 2395 112 2482 qui
152 2395 387 2456 existumarent
422 2392 581 2456 indicium
624 2392 706 2455 illud
743 2415 763 2455 a
800 2392 836 2455 P.
875 2391 1035 2455 Autronio

57 2498 289 2574 machinatum,
313 2520 375 2581 quo
394 2497 522 2560 facilius
538 2495 703 2580 appellato
722 2496 840 2560 Crasso
858 2518 918 2579 per
933 2497 1036 2559 socie-

57 2609 158 2663 tatem
180 2601 319 2685 periculi
342 2600 484 2684 reliquos
512 2599 599 2663 illius
626 2601 775 2684 potentia
803 2609 943 2682 tegeret;
982 2598 1058 2662 alii8

58 2704 272 2788 Tarquinium
285 2726 304 2766 a
318 2703 478 2767 Cicerone
490 2705 670 2766 immissum
684 2702 825 2780 aiebant,
843 2724 884 2765 ne
898 2702 1036 2766 Crassus

57 2829 148 2870 more
165 2828 223 2870 suo
241 2817 393 2891 suscepto
409 2806 569 2870 malorum
584 2808 767 2891 patrocinio
784 2806 1036 2889 rempublicam

59 2910 278 2975 conturbaret.
296 2913 403 2995 ipsum
416 2909 570 2975 Crassum
583 2933 644 2994 ego
657 2919 773 2994 postea
788 2910 1057 2994 praedicantem9

58 3014 168 3077 audivi
191 3023 316 3077 tantam
339 3013 428 3077 illam
452 3013 683 3078 contumeliam
713 3012 774 3076 sibi
803 3013 843 3077 ab
875 3012 1035 3076 Cicerone

58 3119 253 3201 impositam.

161 3220 227 3284 Sed
249 3220 354 3284 isdem
382 3219 584 3305 temporibus
613 3221 652 3301 Q.
679 3219 814 3284 Catulus
839 3230 871 3282 et
894 3218 931 3281 C.
955 3219 1031 3282 Piso
1053 3223 1089 3278 49

58 3347 164 3408 neque
204 3326 309 3408 gratia
346 3346 452 3408 neque
491 3325 595 3407 pretio
632 3323 826 3387 Ciceronem
863 3321 1031 3406 impellere

58 3438 203 3511 potuere,
238 3428 285 3489 uti
313 3449 372 3510 per
394 3425 591 3509 Allobroges
621 3437 677 3489 aut
706 3424 805 3488 alium
827 3423 970 3508 indicem
995 3425 1033 3488 C.

59 3529 182 3593 Caesar
216 3529 299 3593 falso
333 3531 565 3592 nominaretur.
613 3550 689 3591 nam
719 3537 855 3611 uterque
880 3528 1057 3591 cumil102

109 3648 195 3690 Sallust.
899 3651 921 3693 ‘b
